3004 4828
711 379 902 443 ..2-

356 527 505 596 κλαῦσᾶ
526 555 562 594 τε
586 532 648 595 καὶ
671 529 827 594 adunco
851 527 923 592 idcio
945 525 1142 610 describent
1163 531 1257 610 χῶρον

357 635 435 698 ἔνθα
460 631 561 709 Φόνος
583 659 613 698 τε
636 634 734 708 Κότυς
755 658 786 698 τε
808 634 859 696 καὶ
882 629 976 696 ἄλλων
998 631 1088 696 ἔθνεα
1112 635 1222 715 Karpeia

353 737 494 821 αἰχμηραί
516 762 547 801 ce
568 735 654 802 νόσοι
675 737 726 802 uui
749 733 857 818 σήψιες
880 737 951 819 ἔργα
972 759 1003 798 τε
1025 731 1141 816 decurri.

269 844 439 904 Eorundem
466 864 604 905 versuum
635 845 726 904 etiam
748 843 904 904 Lucretius
933 841 1075 916 meminit,
1106 861 1172 901 cnm
1201 840 1341 901 scriberet

268 967 318 1008 vv.
336 951 397 1006 222
411 967 476 1028 sqq.
498 945 568 1006 libri
584 947 626 1008 V:

397 1059 455 1108 tum
473 1068 565 1128 porro
585 1067 670 1126 puer,
696 1055 729 1104 ot
748 1047 842 1106 coevis
861 1049 1008 1124 proiectas
1030 1046 1066 1106 ub
1088 1047 1172 1106 undet

396 1153 505 1224 navita,
529 1151 620 1209 nudus
642 1151 828 1221 comitarer,
855 1149 962 1228 r'nsuuc,
988 1149 1105 1227 indigus
1127 1151 1205 1208 omni

396 1255 482 1314 vituli
500 1253 623 1324 ouailz‘o,
649 1254 855 1330 cumprimum
878 1255 907 1311 ia
930 1253 1047 1311 lumrbr'e
1068 1270 1137 1310 oros
1284 1241 1285 1246 ¹

395 1355 511 1415 nebridas
532 1375 570 1414 ca
592 1355 657 1414 aluo
680 1356 781 1412 matris
803 1363 910 1412 notura
928 1353 1071 1435 prorsadr't

395 1460 548 1536 vagituque
570 1458 661 1515 locum
684 1456 804 1533 lugubri
822 1459 954 1534 complet,
980 1466 1012 1515 at
1031 1467 1156 1516 oecrrmsl

395 1563 444 1620 cui
465 1568 573 1618 tontum
596 1562 625 1618 r'a
648 1561 706 1617 vito
729 1567 820 1616 restat
842 1562 968 1618 transire
990 1561 1140 1619 mulorum.

268 1660 342 1725 Quis
364 1667 463 1724 autom
486 1662 557 1736 soit,
581 1665 679 1721 utrum
703 1661 787 1720 Sexti
810 1664 911 1720 auctor
932 1661 985 1720 illa
1006 1664 1209 1723 tantummodo
1232 1665 1340 1741 Empe·

241 1764 359 1840 ,doclis
388 1766 495 1838 verba,
527 1783 588 1823 non
609 1765 743 1840 integros
764 1782 867 1823 versus
889 1762 1118 1826 laudaverit-
1140 1767 1266 1826 forsitan
1288 1766 1339 1825 alii

267 1885 385 1948 quoque
408 1867 548 1944 Epicurei
575 1865 656 1925 illius
686 1865 817 1924 carmina
846 1865 1099 1928 adhibuerint-
1122 1888 1160 1927 an
1182 1869 1338 1930 Lucretius

265 1968 436 2029 memoriam
465 1973 571 2046 poetae
593 1967 783 2045 Agrigentini
813 1987 852 2026 ex
879 1967 974 2044 ipsius
1001 1970 1180 2031 carminibus
1207 1991 1340 2050 sumpse-

264 2069 363 2150 ritu?

349 2172 395 2232 De
416 2173 474 2233 hoo
495 2171 587 2249 igitur
608 2174 692 2233 fonte
713 2172 790 2232 nihil
805 2173 878 2234 certi
900 2178 1030 2233 statuere
1052 2173 1131 2248 licet,
1153 2176 1262 2235 certius
1284 2176 1337 2236 ali·

266 2278 346 2358 qnod
367 2277 404 2336 de
419 2275 608 2356 Thucydide3
632 2295 700 2334 nam
723 2275 787 2335 fieri
810 2276 924 2356 nequit,
946 2282 981 2337 ut
995 2277 1141 2354 Epicurus
1165 2279 1338 2357 descriptio·

265 2399 334 2438 nem
356 2378 575 2456 Thucydideam
604 2379 640 2438 de
668 2383 752 2456 peste
774 2377 1003 2439 Atheniensium
1032 2399 1126 2458 usque
1155 2383 1338 2445 adverbum

264 2481 297 2540 in
320 2501 395 2559 opus
424 2500 509 2540 suum
536 2481 581 2540 ita
606 2481 768 2557 receperit,
798 2488 833 2540 ut
855 2479 986 2539 Lucretii
1007 2499 1111 2539 versus
1133 2487 1248 2566 tantum
1271 2505 1339 2544 con-

266 2583 348 2645 versi
371 2601 436 2642 esse
457 2583 616 2644 videantur
638 2600 676 2642 ox
690 2583 792 2645 Attico
815 2582 967 2659 scriptore.
1011 2581 1169 2642 Praeterea
1184 2583 1339 2645 Lucretius

266 2689 385 2762 praeter
406 2684 627 2764 Thucydideam
658 2686 779 2746 alteram
809 2702 928 2765 quoqne
957 2682 1184 2760 descriptionem
1201 2697 1338 2746 'comme-

186 2826 188 2829 ν
264 2793 368 2862 morat,
391 2787 550 2865 praecipue
572 2788 604 2846 in
626 2809 674 2850 vv.
690 2791 866 2861 lter-ae,
890 2805 965 2865 quos
987 2806 1053 2846 cum
1069 2786 1263 2864 Hippocratis
1287 2791 1337 2849 do-

266 2889 362 2950 ctrina
375 2889 462 2951 valde
477 2889 645 2950 consentire
659 2889 718 2948 iam
734 2888 850 2967 antiqui
865 2888 1044 2966 interpretes
1058 2888 1198 2951 viderunt
1217 2897 1248 2952 et
1262 2912 1338 2971 quos

265 2990 429 3053 Woltierus
457 2992 566 3054 iterum
588 2993 717 3070 Epicuro
747 2990 861 3052 tribuit.
906 2991 1009 3050 Eidem
1040 2992 1154 3052 etiamsi
1176 2993 1234 3053 viri
1258 2994 1338 3056 docti

265 3097 409 3166 statuunt,
432 3113 508 3174 quae
529 3094 724 3155 inveniuntur
747 3094 825 3172 apud
840 3100 959 3171 poetam
973 3093 1150 3168 Romanum,
1173 3095 1273 3156 omnia
1288 3097 1337 3156 de·

265 3196 345 3271 beri,
376 3200 475 3258 tamen
497 3198 630 3275 priorum
652 3201 768 3258 tantum
791 3195 929 3256 carminis
951 3195 1095 3257 librorum
1116 3197 1229 3258 iontem
1252 3198 1337 3258 illum

266 3317 330 3360 esse
344 3298 512 3376 fragmenta
526 3302 641 3374 docent,
665 3300 715 3360 scd
737 3299 774 3358 ad
797 3298 875 3358 sexti
897 3297 967 3357 libri
989 3303 1102 3376 partem
1126 3299 1249 3360 alteram
1271 3321 1337 3362 cum

264 3401 400 3478 magistri
429 3401 547 3480 scriptis
579 3403 804 3480 comparandam
835 3402 899 3462 fere
929 3401 1030 3460 nullae
1061 3421 1163 3462 eorum
1192 3403 1337 3485 reliquiae

264 3509 392 3566 exstant

333 3728 361 3786 d)
378 3726 520 3775 Lucretium
537 3726 694 3788 Empedoclis
712 3726 821 3776 carmina
844 3725 924 3786 ipsum
948 3725 1099 3788 inspexisse,
1126 3727 1252 3776 contendit
1268 3728 1336 3776 Brio-

264 3826 339 3874 gerus
364 3811 391 3860 in
414 3827 518 3862 censura
534 3812 649 3861 Woltieri
672 3811 730 3860 libri
752 3812 778 3858 in
796 3811 912 3859 Burrieni
936 3812 1041 3870 annali,
1070 3813 1135 3860 1877
1160 3828 1185 3874 p.
1200 3816 1239 3862 74.
1275 3813 1336 3861 Ver·

264 3912 307 3948 sos
332 3898 375 3957 qui
397 3899 423 3946 in
446 3903 550 3958 utroque
572 3904 646 3960 poeta
670 3897 849 3957 consentirent,
876 3902 1066 3958 composnerunt
1087 3897 1212 3946 Bellienus
1234 3898 1259 3945 in
1277 3897 1336 3946 diss.

264 3983 380 4048 ¹Lucretii
397 3985 506 4032 carmina
524 4000 537 4032 e
555 3985 665 4045 fragmtt.
683 3983 841 4046 Empedoclis
859 3981 1012 4031 adumbrata'
1029 3984 1196 4044 tenueram,
1215 3988 1240 4031 et
1250 3985 1336 4032 Buest·

264 4069 355 4118 leinius
372 4069 399 4116 in
415 4084 500 4131 progr.
519 4069 694 4130 Schlensingse
714 4071 795 4120 1875:
819 4068 894 4132 ¹Quid
910 4068 1040 4118 Lucretius
1065 4069 1177 4118 debuerit
1193 4068 1336 4130 Empedocli

263 4154 442 4217 Agrigentino’,
460 4156 504 4204 sed
521 4156 606 4206 multia
623 4157 649 4204 in
661 4155 736 4204 robus
753 4156 779 4203 in
791 4169 912 4204 consensu
929 4156 1056 4216 utriusque
1072 4155 1219 4216 inquirendo
1236 4155 1336 4203 modum

264 4242 421 4290 transierunt.
