3004 4828
532 389 844 474 '-51-

286 567 370 626 Idem
392 565 515 626 tradidit
536 563 762 642 Amelesagoras
784 565 862 642 apud
877 564 1018 640 Antigon.
1037 565 1203 645 Caryatium
1222 569 1274 626 12:

199 661 437 748 Ἀμελησαγόρας
459 662 491 726 di
513 659 532 726 ei
552 659 714 744 Ἀθηναῖος
742 658 759 726 o‘
781 659 835 744 τὴν
854 658 980 726 Ἀτθίδα
1001 660 1214 748 συγγεγραφώς
1236 660 1273 728 od

203 788 277 848 φησι
299 764 436 850 κορώνην
458 759 683 850 apostatantes
705 764 783 850 πρὸς
803 764 857 848 τήν
878 763 1054 851 ἀκρόπολιν,
1077 763 1143 831 οὐδ’
1158 769 1219 850 ἔχοι
1236 763 1275 831 dv

201 871 295 936 εἰπεῖν
316 867 457 955 ἑωρακώς
479 867 592 946 οὐδείςῖ
610 877 688 936 aad.
702 875 763 955 ⁸⁹).
809 875 948 936 Forsitan
964 877 1081 935 Graiam
1093 884 1196 954 poetes
1210 875 1275 936 Oel-

199 980 359 1039 limachum
389 978 545 1040 Lueretius
577 977 762 1039 intellexerit
776 977 836 1056 4⁰).
889 978 972 1042 Quae
1003 977 1105 1038 fabula
1137 979 1162 1040 si
1196 979 1274 1055 apud

201 1083 362 1159 Epicurum
384 1081 557 1157 exstitisset,
579 1086 699 1160 poetam
715 1081 952 1142 Alexandrinum
974 1102 991 1142 a
1013 1081 1192 1160 philosopho
1214 1085 1274 1142 Ro·

202 1205 288 1246 mano
303 1185 368 1263 ipso
384 1185 551 1262 inspectum
569 1205 634 1246 esse
650 1190 777 1262 oportet,
791 1185 870 1264 quia
885 1183 971 1244 illum
988 1185 1129 1262 magister
1142 1184 1276 1246 Lucretii

203 1289 345 1349 adhibere
367 1310 429 1349 non
452 1289 558 1365 potuit.
602 1288 633 1346 Si
656 1290 734 1366 apud
756 1287 950 1348 Posidonium
971 1289 1096 1351 inventa
1117 1292 1195 1362 erat,
1226 1287 1275 1348 hic

200 1393 326 1453 fortasse
348 1392 560 1452 Callimachum
587 1391 646 1450 iam
668 1392 810 1454 laudavit.
853 1392 890 1450 Id
913 1410 983 1451 eane
1006 1381 1196 1452 statuendum
1218 1393 1275 1452 erit

200 1500 318 1572 praeter
339 1496 501 1574 Epicurum
522 1495 614 1554 alium
636 1485 785 1556 auctorem
809 1494 976 1556 adhibitum
998 1513 1078 1570 esse,
1101 1495 1165 1556 sive
1187 1494 1275 1554 Calli·

201 1599 337 1659 machum
358 1599 422 1661 sive
443 1597 646 1660 Posidonium.

638 1804 841 1814 —---

288 1944 362 2052 lam
385 1992 456 2054 satie
478 1994 553 2054 haec
575 1993 612 2052 de
633 1992 787 2053 Posidonii
810 1992 961 2070 vestigiis3
991 1992 1078 2054 valde
1101 1993 1275 2061 temerarius

201 2099 327 2158 fortasse
353 2096 435 2159 risus
465 2117 543 2171 sum,
580 2097 659 2177 quod
685 2096 830 2174 temptavi
851 2096 991 2157 carminis
1012 2100 1118 2173 poetae
1138 2096 1275 2171 Romani,

201 2222 290 2282 quem
311 2205 463 2261 strenuum
486 2185 665 2278 Epicureum
686 2199 780 2260 fuisse
801 2199 858 2261 viri
882 2199 960 2261 docti
983 2219 1156 2277 persuasum
1183 2201 1275 2260 habe-

201 2306 282 2377 bant,
305 2303 355 2365 vel
370 2303 459 2364 etiam
475 2303 599 2365 stoicum
615 2309 766 2364 auctorem
787 2304 1022 2381 monstraress).
1067 2301 1186 2380 Quippe
1201 2303 1275 2364 alios

203 2406 363 2484 discipulos
390 2407 423 2466 in
449 2407 602 2469 nonnullis
629 2409 718 2468 rebus
746 2408 782 2466 ab
813 2410 949 2468 accurata
978 2406 1112 2482 magistri
1142 2405 1276 2466 doctrina

204 2510 419 2590 quadamtenus
440 2512 597 2572 recessisse
613 2509 862 2587 Dueningiusst)
886 2513 916 2571 et
937 2509 1149 2586 Hiraslius4³)
1172 2509 1277 2570 docue-

202 2616 287 2687 runt,
309 2617 430 2676 vetusta
449 2615 502 2676 illa
523 2615 634 2692 placita
655 2613 916 2692 philosophorum,
943 2613 1015 2675 licet
1036 2631 1054 2672 a
1075 2612 1174 2686 Stoico
1197 2631 1275 2673 com·

272 2833 314 2903 39)
334 2835 450 2896 Sequitur
467 2837 564 2896 fabula,
592 2851 666 2897 qnam
689 2839 772 2899 paullo
796 2837 920 2886 diversam
942 2836 1024 2884 adnlit
1042 2834 1148 2884 Ovidius
1165 2838 1223 2884 met.
1241 2836 1275 2896 11,

202 2923 252 2971 552
265 2937 319 2984 sqq.
354 2923 394 2971 De
411 2923 588 2985 Amelesagora
604 2925 636 2971 cf.
656 2925 687 2972 ds
704 2923 869 2972 Wilamowita
887 2923 983 2988 philol.
996 2921 1221 2984 untersuchungen’
1239 2922 1275 2969 IV

203 3025 227 3070 p.
240 3011 281 3070 ss,
300 3010 356 3058 cen.
371 3011 413 3059 rr.
939 2991 940 2996 ’

271 3092 314 3162 40)
331 3097 370 3144 De
388 3095 534 3144 Callimachi
552 3097 694 3146 narratione
712 3098 743 3145 ci.
762 3098 827 3157 quod
845 3097 970 3158 Bergkiue
987 3095 1087 3157 scripsit
1103 3109 1142 3160 ⁴cu
1159 3094 1275 3143 Callima·

203 3181 271 3230 chus'
288 3196 352 3230 mas.
364 3183 444 3231 Rhen.
457 3181 495 3230 IX
511 3198 535 3245 p.
551 3185 600 3233 138
612 3197 666 3243 sqq.
700 3184 740 3232 Ad
757 3184 899 3233 testimonia
916 3184 968 3232 eius
986 3183 1084 3231 fabulae
1096 3182 1206 3243 Bergkio
1223 3183 1275 3230 lau·

202 3269 260 3316 data
270 3268 425 3317 adiciendum
442 3273 488 3327 est,
507 3270 571 3330 quod
583 3271 702 3319 Munrous
719 3271 848 3319 adunavit
865 3271 980 3318 Philostr.
999 3270 1043 3317 rit.
1061 3269 1275 3330 Aponon.11,10.
1313 3299 1321 3312 ι

272 3351 316 3420 41)
335 3355 428 3404 Tamen
447 3355 506 3415 quid
523 3357 656 3418 scriptores
674 3361 699 3404 et
715 3357 822 3405 Romani
839 3362 864 3404 et
882 3356 971 3404 Graeci
987 3355 1120 3404 Posidonio
1138 3355 1275 3418 debuerint,

203 3440 321 3489 Cicerone
338 3444 448 3502 excepto,
466 3453 554 3501 parum
570 3442 714 3501 inquisitum
726 3448 770 3492 est.
805 3443 865 3492 Eius
883 3441 961 3491 libros
978 3443 1068 3490 multos
1084 3442 1174 3504 legisse
1192 3446 1217 3490 et
1234 3457 1275 3490 ex-

202 3527 330 3587 scripsisse
341 3528 415 3576 oredo
427 3541 507 3588 neque
520 3527 613 3588 dubito,
632 3529 692 3589 quin
710 3530 784 3577 etiam
801 3531 828 3578 in
839 3529 921 3578 Aetna
938 3529 1046 3578 carmine
1063 3529 1151 3577 incerti
1169 3529 1275 3577 auctoris

201 3613 279 3660 multa
296 3614 328 3661 ad
346 3627 402 3662 eum
419 3614 529 3674 redeant,
548 3615 606 3675 quia
622 3616 672 3662 elio
690 3616 763 3663 modo
781 3615 966 3664 similitudinem
982 3615 1048 3664 inter
1064 3615 1127 3662 illud
1139 3629 1238 3663 carmen
1250 3619 1276 3664 et

201 3691 344 3748 Lucretium
358 3702 432 3759 atque
444 3699 563 3749 Senecam
574 3700 721 3762 intellegere
733 3716 837 3763 nequeo.
872 3701 1068 3752 Incertissimum
1085 3701 1185 3761 quidem
1202 3706 1276 3762 esset,

202 3786 267 3846 quod
285 3786 315 3833 de
333 3789 432 3834 auctore
450 3786 560 3834 Lucretii
585 3789 652 3848 erui,
679 3788 701 3836 si
725 3787 839 3837 Iacobins
865 3793 931 3837 recte
954 3789 1123 3836 contendisset
1145 3789 1171 3835 in
1195 3789 1274 3849 praef.

200 3885 258 3934 pag.
269 3871 355 3920 XVIII
371 3877 497 3922 auctorem
515 3873 610 3922 Aetnae
627 3874 743 3922 carminis
755 3875 904 3936 Epicureum
916 3873 999 3923 fnisse
1036 3874 1109 3935 Quod
1120 3874 1142 3923 si
1154 3874 1189 3921 Ita
1201 3878 1274 3935 asset,

200 3957 359 4007 verisimilius
384 3964 450 4007 esset
475 3959 617 4008 Lucretium
645 3965 670 4009 et
694 3965 793 4023 poetam
819 3976 969 4023 anonymum
995 3962 1028 4010 ad
1052 3962 1157 4010 eundem
1182 3961 1275 4008 fontem

200 4044 281 4092 redire
299 4044 456 4105 Epicureum.
492 4047 587 4096 Tamen
604 4046 717 4096 Iacobius
743 4049 796 4097 sine
813 4061 888 4098 causa
905 4048 952 4096 hoc
969 4047 1074 4097 coniecit
1097 4052 1122 4096 et
1139 4061 1154 4095 a
1171 4048 1276 4095 liunroo

201 4131 340 4180 rectissime
358 4131 478 4180 refutatus
495 4136 540 4180 est.

268 4216 375 4281 42)1.1.
394 4219 514 4278 prssq.

270 4301 314 4368 48)
332 4303 570 4369 ¹Untersuohungen’
586 4306 600 4353 I
616 4319 640 4367 p.
656 4305 800 4355 165-190.
