3004 4828
702 357 915 426 ..24-

358 521 463 580 Totam
487 519 716 595 explicationem
738 518 890 578 Posidonii
913 537 992 591 esse,
1020 518 1087 578 ideo
1111 518 1183 577 mihi
1206 520 1346 594 persuasi,

273 631 304 683 et
326 625 404 702 quod
427 624 545 700 saepius
566 623 599 680 in
621 623 709 681 buius
731 622 801 682 libri
824 622 921 698 capite
943 621 976 679 Π
1003 620 1029 680 is
1058 629 1161 681 auctor
1182 621 1245 680 fere
1268 621 1347 681 solus

273 731 519 785 commemoratur
540 760 583 768 -
606 745 673 784 nam
703 730 822 801 praeter
848 724 930 783 illins
952 737 1068 784 'nomen
1090 724 1295 784 Artemidorus
1318 731 1348 785 et

184 805 191 814 ¹
273 829 360 888 Plato
383 833 414 888 et
435 829 648 888 Eratosthenes
675 827 762 886 modo
792 826 883 886 semel
913 826 1118 907 unusquisque
1148 826 1347 900 nominantur,

274 951 401 1010 quorum
416 930 506 1006 primi
520 931 613 991 verba
627 950 655 1006 p.
667 930 726 988 760
744 949 809 989 oum
826 930 956 989 eiusdem
972 930 1115 1003 doctrina,
1139 949 1225 1008 quam
1241 929 1346 989 Strabo

272 1053 301 1110 p.
319 1034 379 1092 670
402 1033 511 1107 attulit,
534 1053 593 1092 non
618 1031 810 1092 consentiunt
832 1067 873 1076 -
895 1038 926 1092 et
947 1032 1025 1112 quod
1042 1032 1237 1108 Apameensis
1257 1033 1346 1091 huius

190 1162 203 1174 ⁸
272 1135 316 1195 rei
335 1136 526 1211 gravissimus
540 1136 626 1196 testis
647 1136 722 1195 fuit:
744 1137 796 1195 sed
817 1134 907 1195 etiam
930 1135 1040 1195 certius
1062 1135 1105 1209 fit,
1129 1136 1154 1194 si
1176 1136 1256 1194 illam
1280 1156 1346 1195 cum

274 1238 367 1297 Plinii
387 1239 486 1299 verbis
503 1240 540 1296 N.
557 1240 596 1298 H.
613 1239 654 1313 ΙΙ,
672 1238 750 1298 227ε
782 1241 857 1297 Nom
880 1239 971 1296 doricis
993 1238 1113 1296 haustus
1136 1241 1164 1296 in
1188 1240 1265 1296 mori
1283 1239 1346 1314 plu-

272 1343 355 1399 rimis
374 1343 446 1400 Iooz's
469 1352 500 1398 at
516 1343 555 1400 od
572 1342 754 1400 Chelidonias
777 1342 887 1399 ansulas
909 1350 938 1398 et
955 1342 1086 1399 Aradum
1108 1351 1136 1398 el
1158 1343 1187 1400 ιἰι
1205 1342 1346 1399 Gaditano

274 1463 379 1502 oceano
410 1463 619 1521 comparamus.
665 1444 799 1503 Eundem
829 1444 921 1502 Aradi
948 1444 1062 1502 fontem
1095 1443 1211 1502 Plinius
1238 1444 1346 1503 iterum

274 1547 416 1607 describit
436 1548 474 1606 N.
490 1548 530 1606 H.
554 1549 596 1621 V,
620 1551 686 1620 128,
709 1546 761 1606 ubi
784 1547 940 1606 Mucianus
963 1565 1050 1625 quem
1073 1547 1208 1626 sequitur
1229 1568 1268 1607 ex
1289 1548 1346 1606 Po-

274 1650 390 1710 sidonio
413 1651 547 1710 hausisse
569 1649 694 1712 videtur.

359 1754 434 1811 Nam
459 1754 608 1829 paradoxa
623 1753 665 1826 Π,
683 1752 742 1810 227
768 1771 806 1811 ex
827 1753 884 1811 hoc
906 1757 1109 1812 manaverunt
1154 1752 1346 1812 conferentes

273 1855 352 1913 enim
376 1876 440 1915 cum
463 1856 561 1932 capite
582 1861 639 1914 103
664 1855 794 1914 Pliniani
815 1855 886 1913 libri
908 1853 1038 1914 Senecae
1060 1856 1165 1928 verba,
1196 1874 1272 1935 quae
1294 1875 1346 1914 ex-

273 1963 353 2018 stant
375 1959 406 2016 in
429 1958 505 2018 libro
527 1959 577 2017 Ill
605 1963 717 2018 tantam
748 1956 973 2016 similitudinem
1002 1958 1204 2032 inveniemus,
1235 1963 1347 2037 quanta

272 2065 306 2119 ut
328 2061 474 2119 efficiatur
495 2062 582 2120 modo
604 2061 669 2119 fieri
692 2065 806 2135 potest,
838 2060 863 2118 si
885 2065 1011 2140 uterque
1042 2062 1166 2120 eundem
1195 2067 1344 2119 auctorem

211 2188 215 2196 ¹
273 2167 390 2223 secutus
413 2170 465 2222 est.
497 2164 565 2224 Non
584 2183 660 2239 nego
679 2163 816 2243 equidem
834 2163 975 2223 Senecam
995 2164 1111 2241 saepius
1126 2163 1265 2223 Ovidium
1281 2163 1344 2221 lan-

273 2268 357 2325 dasso
379 2267 410 2324 in
432 2268 521 2326 robus
544 2286 620 2347 quae
642 2286 708 2326 cum
731 2263 830 2324 Plinio
853 2267 1044 2326 consentiunt
1064 2267 1096 2324 in
1113 2285 1175 2341 cap.
1189 2271 1228 2323 20
1245 2270 1276 2325 et
1293 2270 1343 2338 26,

273 2377 303 2429 et
324 2369 356 2428 in
378 2389 441 2446 cap.
461 2374 500 2428 25
524 2371 560 2429 de
578 2369 675 2430 insula
693 2371 728 2428 ad
748 2369 872 2429 Cutilias
894 2376 1015 2428 natante
1030 2369 1096 2445 ipse
1112 2369 1197 2429 testis
1214 2368 1346 2428 oculatus

275 2477 327 2531 est.
371 2473 529 2532 Praeterea
547 2473 671 2533 Ovidius
692 2473 725 2530 in
742 2477 810 2543 met
829 2472 896 2544 XV,
916 2474 976 2529 273
992 2492 1057 2550 sqq.
1078 2473 1113 2530 do
1131 2473 1213 2548 Lyco
1230 2477 1260 2530 et
1276 2473 1347 2529 Era-

274 2576 340 2634 sino
369 2575 447 2633 idem
477 2580 578 2634 namet
607 2576 686 2654 quod
709 2575 825 2633 Plinius
850 2574 894 2647 ΙΙ,
914 2577 990 2645 225,
1024 2575 1060 2632 do
1083 2574 1237 2633 Ammonis
1264 2559 1348 2634 fonte

274 2699 324 2737 vv.
342 2683 401 2736 309
419 2699 461 2757 sq.
492 2678 570 2737 idem
601 2679 681 2758 quod
710 2675 827 2737 Plinius
858 2677 874 2756 5
897 2683 973 2750 228,
1007 2677 1043 2735 de
1076 2677 1236 2754 Lyncestio
1267 2677 1347 2734 amni

273 2802 322 2842 vv.
339 2787 399 2839 329
412 2801 476 2860 sqq.
501 2780 580 2840 idem
603 2782 682 2860 quod
703 2781 753 2840 hic
782 2781 815 2839 in
838 2779 950 2858 §2303
986 2780 1036 2838 sed
1060 2779 1180 2840 dubium
1211 2787 1346 2852 nonest,

274 2884 347 2964 quin
369 2885 426 2943 hoc
448 2885 513 2943 loco
536 2903 634 2964 neque
655 2884 768 2943 Seneca
789 2903 887 2964 neque
909 2883 1025 2941 Plinius
1044 2882 1144 2943 Ovidii
1165 2882 1274 2941 librum
1297 2884 1347 2941 ad-

273 2987 427 3046 hibuerint
448 2985 528 3062 (nam
551 2987 600 3047 hic
615 2988 651 3047 de
667 2988 868 3048 Athamanum
890 2991 979 3061 gente
1002 2985 1079 3043 nihil
1100 2985 1189 3045 scivit
1210 2991 1240 3044 ot
1260 2986 1346 3044 fabu-

273 3090 331 3147 lam
362 3090 398 3148 de
425 3089 565 3150 Ciconum
594 3090 717 3149 flumine
746 3089 832 3149 eliam
861 3089 1017 3166 reddidit),
1048 3106 1147 3168 neque
1176 3107 1215 3146 ox
1244 3089 1346 3148 eodem

272 3193 371 3265 fonte,
396 3211 454 3271 quo
476 3191 603 3269 ille20),
627 3193 796 3266 hauserint,
820 3193 890 3273 quia
911 3192 957 3250 illi
980 3191 1073 3250 multa
1093 3192 1250 3268 praebent,
1274 3211 1346 3271 quo-

345 3378 387 3444 20)
400 3380 462 3440 Quis
470 3379 554 3428 Ovidii
562 3381 777 3440 paradoxorumin
786 3384 844 3428 met.
854 3379 910 3438 XV,
921 3381 1056 3428 273-417
1068 3378 1142 3426 fuerit
1149 3383 1240 3438 auctor,
1251 3379 1345 3438 ignoro.

273 3467 407 3526 Postquam
427 3467 457 3514 do
475 3473 579 3526 quatuor
597 3467 724 3515 elementis
744 3468 841 3514 locutus
860 3470 897 3513 est
915 3470 938 3513 et
956 3464 1038 3512 docuit
1055 3479 1085 3513 ea
1101 3478 1200 3524 sempor
1217 3465 1305 3512 mutari
1323 3469 1348 3511 ot

274 3553 347 3599 modo
365 3567 485 3602 summam
502 3567 585 3601 rerum
603 3557 723 3612 constare,
742 3551 856 3611 quamvis
873 3551 984 3610 singrdae
1009 3565 1049 3599 res
1066 3551 1176 3611 perirent
1200 3555 1274 3610 atqua
1298 3552 1346 3599 ori-

273 3643 371 3698 rentur,
397 3639 491 3700 Lycum
509 3643 684 3687 commemorat
701 3643 726 3686 ot
742 3638 875 3686 Erasinum
892 3637 946 3702 (vv.
959 3637 1088 3701 272-76)
1107 3636 1222 3698 Caicum,
1241 3640 1347 3684 Amena-

275 3739 333 3772 num
351 3727 506 3786 (aaa-80),
530 3726 660 3786 Anigrnm,
679 3725 806 3786 Hypanim
823 3721 954 3788 (281-6).
989 3724 1052 3771 Tum
1070 3736 1133 3782 quae
1158 3729 1231 3771 antea
1252 3723 1347 3771 insulae

274 3815 364 3870 essent,
377 3811 510 3869 Antissam,
523 3811 641 3870 Pharum,
653 3810 747 3871 'Pyrum
760 3806 891 3874 (286-8),
910 3823 972 3869 quae
985 3822 1040 3856 cnm
1052 3809 1192 3856 continente
1203 3808 1347 3857 coniunctae

275 3901 373 3956 essent,
391 3896 515 3955 Leucada,
533 3897 625 3944 Zancle
643 3898 785 3958 (289-92)
802 3900 928 3944 memorat.
964 3897 994 3942 In
1011 3909 1054 3943 vv.
1068 3895 1203 3943 aaa-308
1222 3895 1251 3942 do
1269 3900 1349 3944 terrae

272 3981 379 4030 motibus
402 3982 505 4029 eandem
522 3995 621 4030 oausam
646 3987 744 4041 narrat,
770 3995 843 4040 quam
861 3981 990 4028 Lucretius
1008 3995 1051 4028 vv.
1065 3981 1183 4029 oio-90
1210 3985 1235 4027 et
1253 3981 1348 4029 Seneca

273 4069 316 4127 VI,
331 4070 362 4116 25
381 4068 472 4128 dicunt,
491 4072 516 4114 et
533 4068 621 4115 hausit
638 4082 681 4114 vv.
695 4070 813 4117 eoa—12
832 4068 864 4114 ad
881 4068 974 4114 sontem
987 4067 1133 4115 Hammonis
1151 4071 1175 4114 ot
1192 4067 1258 4126 apud
1270 4068 1346 4114 Atha·

273 4167 356 4202 manes
373 4154 452 4201 sitnm.
490 4154 588 4201 Deinde
605 4167 682 4214 aquas
700 4153 847 4217 ,monimus
866 4154 955 4214 affert,
973 4155 1063 4201 flumen
1083 4151 1216 4211 Ciconum,
1235 4151 1347 4200 crathim

273 4246 298 4289 ot
314 4239 429 4301 Sybarin,
448 4239 567 4288 Salmacis
584 4241 670 4301 undas,
688 4239 823 4300 Aethiopes
840 4241 917 4300 lacus,
936 4238 1069 4287 Clitorium
1088 4239 1189 4298 tentam,
1210 4239 1346 4300 Lynoaium
