3004 4828
691 349 882 415 ..3-

250 508 423 578 obiacent,
450 516 557 564 mam
580 507 697 564 concuti
716 503 844 564 scutica!
889 504 972 570 Quae
993 505 1086 566 verba
1108 505 1134 564 si
1156 504 1324 566 considera-

249 609 344 686 veris,
375 615 407 670 et
433 608 584 670 simillima
610 627 674 668 esse
696 608 884 668 Lucretianis
915 611 945 667 et
966 607 1138 668 Lucretium
1165 607 1225 668 tale
1253 608 1325 688 quid

250 735 299 775 vv.
318 716 462 773 548-51
481 709 662 789 expressisse
677 710 827 772 fateberis.
871 711 968 771 Rotae
982 709 1133 790 utrimque
1148 711 1235 772 modo
1249 711 1325 770 rima

250 816 403 878 salebrave
425 813 543 875 concuti
565 817 698 891 possunt
742 815 859 894 Itaque,
882 811 934 894 qui
957 813 1114 872 emendare
1135 813 1209 888 vult,
1232 833 1324 873 unum

250 919 339 978 modo
367 918 537 995 exemplum
563 935 582 975 a
608 919 697 993 poeta
724 915 846 976 allatum
876 920 907 976 et
932 917 1058 1004 verbum
1089 916 1168 996 quod
1195 914 1351 976 Senecae’

251 1021 375 1084 salebris
398 1019 494 1081 simile
516 1021 556 1080 sit
577 1017 784 1079 coniciendum
805 1037 870 1079 esse
892 1018 1044 1079 concedet.
1087 1018 1235 1100 Equidem
1256 1039 1325 1097 pro·

251 1143 374 1203 ponam:
396 1141 457 1204 ,oco
478 1123 571 1181 mrbus
590 1122 727 1180 ccultant
742 1120 853 1196 fissura
876 1121 1032 1200 ubicunque
1047 1119 1119 1180 oici'
1141 1140 1239 1202 neque
1253 1140 1326 1183 vero

251 1226 431 1288 rarissimam
454 1243 517 1285 esse
539 1241 643 1286 vocem
665 1216 786 1312 ‘fissura’
808 1224 918 1284 celabo.

337 1329 501 1408 Hucusque
529 1326 623 1404 igitur
651 1325 807 1404 speluncas
828 1327 878 1388 vel
900 1330 1017 1387 montes
1046 1325 1110 1387 sivo
1136 1326 1169 1386 in
1199 1326 1326 1388 solidum

252 1432 316 1494 sive
343 1431 505 1513 inaquam
527 1429 696 1491 desidentes
725 1429 929 1491 concussionis
950 1448 1054 1490 causas
1083 1448 1148 1490 esse
1170 1429 1326 1490 Lucretius

252 1534 469 1596 demonstravit
490 1534 592 1593 eadem
614 1533 745 1606 ratione,
778 1551 837 1614 qua
858 1532 1061 1593 Anaximenes
1083 1532 1161 1610 apud
1183 1531 1326 1592 Senecam

250 1633 575 1714 N.Q.v1‚10,1⁶):
604 1635 733 1714 ,Terram
761 1637 850 1712 ipsam
874 1638 917 1695 cit
938 1635 996 1695 ridi
1014 1655 1074 1694 essa
1097 1655 1213 1694 causam
1237 1644 1326 1694 motois

252 1759 303 1798 nec
325 1741 503 1798 addicturus
525 1739 685 1808 incurrere,
711 1739 788 1816 quod
808 1739 888 1798 illam
908 1738 1045 1816 stapellct,
1071 1738 1122 1798 ced
1137 1741 1216 1798 inim
1234 1740 1326 1817 ipsam

252 1851 281 1901 et
293 1863 331 1901 aa
345 1843 417 1921 abac.
446 1841 580 1920 quasdam
603 1841 678 1899 enim
694 1851 798 1917 partos
820 1844 881 1900 eius
896 1841 1035 1913 decidere,
1061 1861 1133 1920 quaa
1154 1851 1207 1902 cut
1226 1841 1327 1900 humor

253 1945 408 2004 resolverit
431 1952 483 2004 cut
509 1945 587 2022 ignis
609 1945 739 2002 crederit
764 1954 817 2002 act
837 1947 959 2024 spiritua
984 1945 1121 2003 violentia
1144 1943 1328 2004 accrescerit!

254 2089 364 2107 .....
390 2046 466 2106 Tum
489 2046 505 2126 ς
522 2052 557 2106 2:
579 2045 689 2126 ,deinde
710 2065 772 2104 cam
796 2046 960 2106 ceccdrant
981 2047 1034 2126 (sc.
1047 2056 1148 2126 portes
1171 2056 1266 2108 terrac
1281 2068 1327 2106 ve·

253 2158 359 2210 iactate
380 2149 504 2228 solutae)
526 2149 619 2208 solido
642 2157 777 2226 acceptae
797 2150 935 2208 resiliunt
955 2169 1032 2208 more
1050 2125 1147 2229 pil'ae,
1172 2170 1328 2229 quaecum

253 2255 365 2326 eccidit,
391 2252 506 2313 aaudiat
525 2271 561 2311 ac
582 2253 698 2330 saepius
716 2251 851 2330 pellitur,
878 2253 980 2311 lctibus
1002 2252 1097 2312 caclo
1113 2255 1142 2313 in
1158 2272 1259 2312 novum
1276 2255 1328 2313 im-

249 2365 347 2438 petum
378 2357 475 2416 meisa.
522 2356 559 2414 Si
578 2374 644 2414 cero
667 2356 696 2414 in
720 2355 922 2433 stagnantibus
943 2357 1027 2435 cquis
1048 2356 1144 2416 delata
1166 2365 1249 2429 auat,
1282 2357 1328 2415 dic

252 2462 313 2539 ipse
328 2478 414 2518 ocsus
429 2459 523 2517 vibilia
539 2459 782 2537 concutitstcctu,
807 2478 887 2537 quem
899 2458 1022 2518 audr'tum
1035 2468 1200 2538 castumque
1211 2460 1327 2520 inlisum

254 2584 291 2622 cc
312 2562 372 2620 olto
390 2561 504 2640 pondus
526 2558 628 2619 εἰκῆ]

339 2663 469 2725 Tertiam
490 2661 717 2723 concussionum
739 2681 855 2724 oausam
876 2665 1001 2724 ventum
1022 2682 1086 2724 esse
1107 2663 1205 2726 voluit
1230 2667 1328 2741 poeta,

253 2768 350 2829 tribus
364 2765 523 2842 generibus
539 2765 695 2826 distinctis.
738 2767 776 2824 In
796 2787 845 2827 vr.
863 2765 1009 2826 557-76
1033 2767 1121 2843 enim,
1143 2769 1260 2841 ventus,
1282 2766 1328 2826 in-

254 2870 330 2951 quit,
353 2869 405 2950 qui
427 2887 482 2947 per
502 2868 568 2929 looa
590 2869 720 2929 subcava
740 2871 837 2929 terrae
858 2868 921 2943 flat,
947 2869 980 2928 in
1001 2889 1062 2928 una
1082 2874 1166 2947 parte
1188 2869 1329 2930 collectus

255 2993 295 3033 ex
316 2990 352 3032 ea
373 2970 542 3049 procumbit
564 2974 595 3031 et
617 2971 746 3031 obnixus
773 2990 895 3048 magnae
918 2971 1073 3048 speluncas
1102 2973 1144 3032 ita
1165 2977 1266 3049 urget,
1294 2974 1329 3032 ut

253 3079 334 3137 terra
362 3072 396 3134 in
417 3077 620 3135 transversum
643 3075 828 3136 concutiatur
858 3077 889 3135 et
910 3078 990 3136 teoto
1019 3093 1107 3153 snpra
1133 3078 1264 3153 partem,
1294 3074 1329 3133 in

254 3197 343 3260 qnam
365 3181 474 3239 ventus
495 3177 572 3252 ruit,
599 3177 742 3239 collocata
764 3198 829 3238 cum
852 3196 887 3237 ea
907 3177 1051 3238 inclinata
1072 3179 1181 3238 abeant
1200 3178 1234 3237 in
1256 3196 1327 3238 enn-

254 3283 320 3341 dem
335 3279 454 3358 prodita
467 3285 591 3358 partem.
628 3279 709 3344 Quin
724 3281 813 3342 etiam
828 3281 928 3344 trabes
943 3280 1145 3342 aedificiorum
1159 3285 1327 3359 protractae

252 3383 435 3462 impendent.
480 3383 570 3444 Terra
591 3383 684 3460 igitur
705 3383 826 3444 vacillat
846 3386 882 3444 ut
901 3383 1055 3459 navigium
1076 3384 1164 3444 undis
1185 3383 1326 3446 iactatum

254 3489 285 3546 et
305 3485 460 3560 incumbit,
482 3485 540 3546 nisi
562 3485 646 3547 venti
667 3485 824 3563 respirant.
869 3485 921 3546 Sin
944 3491 1042 3547 autem
1063 3487 1180 3548 collecti
1201 3489 1328 3548 redeunt

206 3591 210 3598 “
254 3590 422 3670 ceduntque
436 3587 557 3666 repulsi,
580 3593 659 3650 retro
681 3588 797 3650 recellit
818 3592 898 3650 terra
919 3591 950 3649 et
970 3589 1078 3667 recipit
1099 3589 1239 3668 prolapsa
1259 3610 1327 3652 suas

253 3692 286 3751 in
308 3693 440 3769 pondera
461 3692 555 3752 sedes.
598 3691 686 3752 Hanc
703 3691 865 3752 doctrinam
888 3692 1092 3753 deterrarum
1114 3693 1244 3755 motibus
1258 3693 1327 3754 An·-

254 3793 419 3855 stotelicam
442 3813 506 3855 esse
529 3801 559 3856 et
573 3793 824 3873 Theophrasteam
846 3799 929 3872 patet
949 3815 988 3854 ex
1007 3795 1094 3856 Aetio
1112 3797 1171 3872 III,
1189 3801 1236 3871 15,
1256 3801 1273 3855 5
1297 3801 1327 3857 et

254 3896 367 3957 Seneca
382 3897 434 3970 VI,
455 3903 501 3971 13,
521 3901 546 3956 1.
590 3899 684 3958 Porro
700 3919 750 3959 vv.
766 3899 913 3956 576-90
936 3901 1034 3958 terrae
1050 3905 1148 3961 motus
1165 3905 1236 3961 tunc
1253 3921 1326 3981 quo-

255 4018 314 4080 que
329 3999 400 4059 oriri
417 4000 579 4073 contendit,
602 4001 721 4082 qnando
735 4005 845 4063 ventus
866 4005 919 4062 aut
941 4000 1129 4065 extrinsecus
1148 4002 1326 4078 insinuatus,

324 4223 351 4287 d)
368 4223 400 4270 cl.
418 4223 493 4272 etiam
511 4221 652 4272 Aristotelis
669 4223 795 4272 meteorol.
812 4223 845 4282 11,
864 4226 888 4283 7,
907 4219 976 4272 aeth
994 4224 1018 4273 6.
