3004 4828
682 327 894 403 ..124

251 500 358 570 euenit,
393 507 424 556 ut
450 508 549 576 partes
578 499 639 556 eius
669 504 806 555 uetustate
833 496 1003 567 solvantur,
1035 494 1149 553 solutae
1170 493 1277 552 cadant
1298 499 1328 549 ct

251 611 400 661 tremorem
421 599 618 680 superioribus
640 599 785 680 adferant,
807 601 931 678 primum
954 599 1017 657 dum
1041 593 1219 656 abscedunt)

338 704 421 768 Quae
443 704 579 784 sequitur
601 700 735 762 doctrina
756 701 894 779 Epicuri,
917 700 1063 780 ‘sortasse
1085 699 1181 758 calida
1204 700 1246 755 ais
1266 699 1325 775 spi-

249 808 324 866 ritns
346 809 375 864 in
397 809 490 884 agnem
513 824 596 864 aerea
618 813 648 864 ct
658 802 785 883 sulrnim‘
802 804 906 863 similes
931 821 992 860 eum
1021 819 1126 876 magna
1148 809 1250 876 strage
1276 799 1325 858 ab·

250 911 385 968 stann‘nm
398 908 522 989 sertur',
549 908 608 968 iam
627 911 822 983 Anaxagorae
844 906 989 984 placebat,
1012 903 1064 985 qui
1086 904 1163 980 opud
1183 903 1325 962 Senecam

251 1012 303 1085 VI,
321 1017 381 1086 9,1
407 1011 462 1071 ait:
485 1009 585 1090 ‘m'mili
600 1029 692 1088 paene
712 1031 750 1068 cm
771 1027 861 1069 eausa
882 1017 911 1067 et
932 1011 1001 1066 aera
1019 1008 1135 1064 concuti
1154 1015 1184 1063 ct
1205 998 1322 1076 terram,

186 1169 189 1178 .
250 1133 312 1172 cum
330 1117 359 1172 in
376 1113 514 1193 r‘nserrore
523 1121 614 1191 parte
627 1114 746 1191 spiritua
767 1129 897 1171 erassum
913 1113 982 1168 ae'ra
1005 1118 1035 1167 et
1048 1110 1077 1168 in
1092 1109 1179 1168 nubes
1196 1117 1324 1166 eoactum

251 1217 347 1274 eadem
370 1217 414 1287 vi,
446 1234 501 1294 qua
524 1217 603 1292 apud
623 1235 674 1273 nos
697 1235 807 1294 quoquc
829 1214 930 1275 nichila
944 1213 1058 1294 frangi
1077 1211 1187 1282 solent,
1220 1211 1326 1288 rumpit

249 1326 279 1377 et
300 1320 378 1396 ι’μπιέ
405 1339 442 1376 ea
469 1317 522 1376 hoe
545 1318 655 1378 canlim
684 1317 800 1378 nntium
829 1335 970 1394 cursuque
997 1315 1065 1373 elisi
1090 1315 1171 1373 o‘c'rio
1198 1314 1322 1372 emicuit.

250 1422 297 1480 au·
318 1423 379 1498 ι’μιο
402 1423 431 1480 in
453 1418 536 1479 obuia
560 1423 686 1480 incurrit
702 1423 809 1480 emitum
827 1437 966 1500 quaerens
983 1437 1018 1477 oe
1034 1417 1145 1476 divellit
1158 1434 1324 1493 repugnan-

251 1526 308 1594 tia,
334 1522 421 1581 donec
439 1542 494 1601 per
514 1532 639 1600 angusta
663 1533 716 1582 aut
734 1533 837 1583 nactus
858 1523 995 1582 cateiam
1014 1520 1139 1580 exeundi
1158 1519 1197 1577 ad
1217 1519 1323 1577 coelum

251 1636 302 1685 aut
319 1629 349 1686 ai
369 1637 397 1685 et
413 1625 521 1686 caiuma
534 1623 636 1706 fecit!
680 1625 718 1685 In
739 1630 826 1687 sexto
849 1625 955 1685 deinde
977 1623 1087 1700 placito
1109 1620 1254 1702 ‘sortasse
1272 1641 1324 1698 pa·

250 1731 355 1788 lustres
376 1739 404 1788 ct
425 1731 550 1787 tacentes
572 1747 662 1807 aquas
684 1730 790 1807 altatus
802 1729 900 1808 fletus
921 1726 1045 1805 impellit
1059 1735 1089 1783 et
1102 1725 1168 1784 inde
1183 1733 1235 1783 aut
1250 1726 1324 1783 uam

251 1840 357 1890 terram
379 1830 487 1910 quatit’
515 1830 679 1892 Democriti
700 1831 850 1892 sententie
878 1831 1006 1910 ‘optritae
1029 1847 1095 1887 acro
1116 1845 1324 1905 nonnumquam

252 1934 374 2010 impellit
391 1933 481 1993 undas
502 1943 533 1992 ct
544 1936 574 1992 si
592 1934 781 1993 vehementius
797 1935 915 2005 institit,
935 1951 997 1991 cam
1012 1931 1127 1990 scilieet
1137 1939 1251 2008 partem
1265 1939 1324 1989 ter·

252 2045 433 2108 memoret,
460 2039 488 2095 in
510 2055 593 2115 quam
617 2045 733 2096 coactas
754 2053 845 2114 aquas
866 2033 989 2106 incutit,
1013 2035 1155 2107 refertur,
1179 2035 1229 2093 sed
1255 2033 1323 2114 qais

250 2138 383 2199 ultimam
412 2157 528 2199 oensem
559 2148 620 2218 ‘aut
648 2139 768 2218 aperitin
795 2139 918 2214 agitatio
948 2138 1009 2214 ι’μιο
1039 2145 1116 2194 motu
1144 2155 1274 2195 crescens
1296 2144 1326 2195 ct

250 2263 280 2300 sc
302 2244 428 2301 incitans
457 2241 494 2302 at
516 2245 572 2302 imo
595 2245 624 2302 in
646 2260 756 2302 summa
778 2259 865 2319 usquc
881 2239 1044 2319 perfermr'
1069 2243 1139 2300 ante
1162 2219 1322 2316 Epicurum

251 2345 394 2420 docuerit,
417 2345 525 2406 iterum
546 2346 703 2406 nescimus.

334 2447 466 2512 Quarum
480 2447 629 2509 rationum
645 2467 720 2528 quae
736 2467 800 2507 oum
814 2447 1000 2507 Lucretianis
1015 2443 1182 2507 consentit?
1209 2442 1323 2507 Quarto

250 2570 315 2612 oum
333 2550 539 2610 Anaximenes
554 2550 694 2624 Lucretii,
711 2568 787 2630 qaae
803 2555 849 2610 est
862 2549 895 2608 in
909 2569 958 2611 vv.
972 2551 1129 2623 544-47,
1151 2553 1182 2608 et
1197 2546 1323 2624 septime

248 2653 375 2713 fortasse
403 2673 470 2713 oum
499 2671 547 2726 ee,
579 2672 667 2732 quem
694 2652 856 2729 discipulus
878 2651 1019 2729 exposuit
1044 2652 1077 2711 in
1098 2673 1148 2713 vv.
1165 2650 1321 2710 ott-eo.

248 2756 360 2815 Temen
390 2757 447 2816 hoo
474 2760 588 2816 certum
616 2775 677 2816 non
706 2760 760 2816 est.
809 2755 1006 2828 Anaximenis
1034 2759 1132 2816 autem
1159 2753 1322 2816 sententias

247 2859 306 2917 iem
324 2858 361 2918 ab
377 2858 506 2936 Epicuro
528 2864 663 2936 receptas
679 2876 743 2918 esse
765 2876 804 2917 ex
826 2861 932 2939 quarte
952 2858 1068 2918 ratione
1088 2857 1177 2918 huius
1198 2857 1323 2934 apparet

248 2965 278 3021 et
300 2979 339 3020 ex
361 2960 449 3021 Aiitio
471 2961 531 3034 111,
549 2965 596 3036 15,
616 2965 651 3020 11
677 2960 720 3039 (p.
737 2964 859 3020 381a3
882 2957 993 3038 Diele):
1013 2952 1190 3039 Ἐπίκουρος
1212 2953 1321 3035 ἐνδέχε-

248 3067 323 3122 σθαι
346 3058 400 3140 μέν
420 3055 481 3122 int
504 3058 618 3142 πάχους
642 3058 730 3143 ιἰέρος
751 3064 806 3123 τοῦ
828 3054 1028 3140 δποιιειμένου
1044 3055 1219 3133 ὖδατοέδους
1234 3053 1321 3129 ὄντος

247 3159 494 3246 ἀνακρουομένην
520 3160 615 3245 αὐτὴν
642 3164 694 3227 καὶ
722 3157 787 3228 οἷον
813 3158 1062 3244 ὑποτυπτομένην
1082 3169 1244 3226 κινεῖσθαι·
1275 3159 1321 3224 έν·

248 3263 386 3345 δέχεσθαι
408 3264 440 3329 δέ
461 3266 513 3330 nai
536 3263 713 3352 σηραγγώδη
741 3273 804 3340 τοῖς
825 3266 980 3351 κατωτέρω
1003 3265 1103 3351 μέρεσι
1124 3268 1320 3329 καθεστῶσαν

247 3361 308 3430 nimi
336 3373 391 3431 τοῦ
419 3369 663 3454 διασπειρομένου
692 3367 862 3451 πνεύματος
883 3371 925 3445 εἰς
947 3369 1001 3446 τοὶς
1023 3369 1202 3455 ἀντροειδεῖς
1223 3362 1319 3433 accii·

248 3495 337 3550 τητας
359 3471 558 3554 ἐμπίπτοντος
579 3471 764 3538 σαλεύεσθαι.
810 3480 920 3539 Eorum
937 3479 1016 3540 enim
1038 3478 1214 3557 placitorum
1236 3475 1319 3554 prius

247 3579 428 3640 Anaximeni
459 3581 545 3643 valde
573 3582 670 3642 simile
700 3586 758 3654 est,
789 3582 914 3642 alteram
936 3582 1068 3644 Lucretii
1094 3601 1146 3642 vv·
1163 3579 1318 3640 eet-to.

246 3681 353 3742 Restat
373 3683 473 3758 igitur,
496 3688 530 3744 ut
550 3687 666 3745 tentum
688 3703 828 3746 versuum
848 3690 910 3766 590
924 3705 989 3766 sqq.
1011 3686 1125 3746 fontem
1145 3684 1226 3761 opud
1245 3681 1319 3759 Epi-

247 3804 349 3844 curum
365 3805 549 3868 quaeremus.
592 3789 638 3848 De
659 3788 707 3847 his
730 3792 828 3875 autem
850 3787 927 3847 nihil
949 3786 1102 3848 invenitur
1123 3805 1221 3868 neque
1240 3786 1317 3863 apud

246 3887 388 3948 Senecam
409 3909 507 3970 neque
529 3892 608 3968 apud
628 3892 749 3952 Attium
771 3909 869 3971 neque
891 3891 970 3968 opud
984 3890 1150 3968 Diogenem
1165 3889 1318 3949 Laertium

246 3991 279 4049 in
301 3991 428 4069 epistula
449 3993 571 4071 Epicuri
593 3995 630 4055 ad
651 3993 836 4073 Pythoclem.
881 3994 958 4054 Sene
980 3992 1139 4054 dolendam
1161 3998 1214 4078 est,
1237 3993 1318 4074 qnod

248 4113 287 4153 ex
309 4113 345 4154 ee
364 4093 485 4172 paulum
506 4095 582 4156 lucri
602 4096 742 4159 facimus:
772 4105 832 4158 tam
861 4099 985 4158 obscure
1007 4103 1067 4173 est,
1098 4098 1250 4179 tantisque
1271 4097 1318 4156 in-

247 4216 336 4278 super
365 4197 449 4260 vitiis
477 4196 666 4281 Librariorum
696 4200 861 4282 inquinata
904 4199 1045 4276 Legimus
1074 4199 1118 4260 ibi
1144 4200 1178 4260 in
1206 4198 1317 4278 §1052
