3004 4828
676 360 890 426 ..16-

246 535 310 576 esse
329 515 402 576 mihi
419 516 547 578 videtur.
590 517 629 576 In
644 537 693 579 vv.
709 517 788 578 enim
806 521 865 577 585
881 536 945 598 sqq.
961 517 1098 578 laudatur
1112 522 1210 579 terrae
1225 521 1324 580 motus

244 619 354 680 Sidone
370 619 456 700 Syria
470 621 575 696 factus,
597 621 634 680 de
653 640 713 701 quo
728 619 921 680 Posidonium
944 619 1097 697 scripsisse
1120 641 1159 681 ex
1175 620 1322 682 Strabone

245 725 263 784 I
284 745 312 802 p.
330 725 401 784 580
419 723 467 803 (fr.
485 723 538 802 76)
561 728 686 785 constat.
731 724 856 800 Legitur
869 724 927 786 ibi:
950 720 983 784 ta
999 717 1030 783 tt
1047 724 1084 809 τῇ
1102 722 1230 802 Φοινίκη
1246 721 1323 802 φησὶ

249 821 452 896 Ποσειδώνιος
479 823 640 906 γενομένου
663 827 787 904 σεισμοῦ
809 827 1023 905 καταποθῆναι
1046 819 1133 887 πόλιν
1156 822 1319 908 ἱδρυμένην

245 921 320 1009 ὑπὲρ
350 922 510 1013 Cnidios,
525 927 577 990 aci
600 923 694 1008 αὐτῆς
717 924 749 990 dt
771 923 900 1002 Σιδόνος
929 924 1033 1010 σχεδόν
1055 952 1083 989 τι
1109 923 1146 991 soi
1168 923 1224 990 tto
1246 928 1321 1012 pipp

246 1035 361 1108 πεσεῖν,
393 1023 454 1092 ἀλλ’
476 1027 533 1092 οὖν
555 1025 696 1113 ἀθρόοις,
727 1026 800 1092 o'o'oss
822 1027 864 1112 μή
886 1027 980 1094 notin
1002 1025 1124 1114 φθόρον
1146 1027 1322 1114 ἀνθρώπων

245 1130 393 1216 γενέσθαι.
436 1136 520 1196 Idem
541 1141 752 1198 commemorat
773 1137 887 1200 Seneca
907 1131 997 1201 nlo.
1021 1135 1079 1210 VI,
1097 1141 1151 1211 24,
1171 1141 1208 1196 6:
1238 1138 1320 1215 ,idem

245 1240 351 1298 Sidone
369 1239 509 1299 occidisse
522 1238 673 1298 Posidonio
689 1239 795 1298 erede.'
826 1239 885 1298 Sed
901 1239 989 1301 etiam
1005 1238 1229 1302 concussionem
1245 1238 1322 1316 Aegi

244 1342 352 1403 iactam
370 1361 410 1402 ex
425 1343 527 1402 eodem
549 1343 633 1402 fonte
648 1341 804 1403 Lueretius
828 1343 884 1403 sibi
907 1342 1023 1420 petivit.
1057 1343 1101 1424 Ea
1115 1341 1203 1417 enim,
1227 1362 1322 1422 qnan-

246 1451 309 1506 tum
331 1445 407 1520 scio,
440 1447 526 1505 modo
549 1449 595 1506 ter
617 1445 649 1504 in
671 1444 757 1506 libris
779 1445 911 1526 antiquis
938 1445 1092 1521 laudatur,
1124 1449 1225 1506 nostro
1255 1444 1320 1506 loeo

244 1548 385 1622 Lucretii,
407 1546 440 1607 in
455 1548 584 1609 Senecae
600 1549 638 1608 N.
652 1547 687 1613 Q.
700 1548 752 1620 VI,
766 1555 815 1624 25,
830 1553 865 1609 4:
888 1550 974 1630 ,Quid
988 1549 1092 1621 dicam,
1119 1569 1181 1606 cam
1207 1547 1322 1606 Cloleis
1398 1569 1400 1574 ·
1474 1559 1475 1630 g

247 1652 373 1723 tremm‘t,
401 1650 510 1710 Thebas
524 1653 661 1710 stetisset
682 1670 745 1710 cam
762 1651 908 1711 laboravit
921 1653 1046 1730 Aegium
1070 1661 1127 1710 tem
1145 1653 1321 1729 propinquas

245 1754 295 1813 illi
314 1753 416 1812 Petrus
439 1753 472 1812 de
494 1763 570 1813 mota
592 1754 670 1812 rn'dil
689 1756 827 1814 audisset
857 1755 911 1814 illu
941 1764 1022 1814 ousta
1051 1755 1216 1825 concassio,
1250 1774 1321 1832 qnae

245 1860 315 1916 duas
332 1859 494 1935 suppressit
508 1857 600 1930 nrbes,
628 1858 744 1916 Helicen
762 1868 792 1916 et
807 1860 909 1930 Burin,
934 1861 1013 1917 circa
1030 1860 1154 1936 Aegium
1173 1857 1319 1917 constitit.'

245 1959 361 2020 Tertius
383 1959 481 2034 loeus,
505 1980 564 2040 quo
587 1980 708 2038 prorsus
731 1962 789 2022 alia
811 1961 965 2023 concussio
988 1964 1247 2034 commemoratur,
1276 1963 1323 2020 est

246 2064 323 2140 apud
339 2062 472 2123 Tacitum
489 2063 597 2124 conell.
614 2063 667 2137 IV,
689 2068 741 2124 13:
763 2063 917 2143 ,suetoque
931 2074 1049 2124 anctore
1064 2085 1096 2123 eo
1119 2065 1171 2144 (sc.
1187 2062 1320 2141 Tiberio)

245 2173 360 2224 senatus
384 2166 525 2238 consulta,
551 2175 585 2224 at
604 2168 720 2225 cim'toti
741 2164 924 2244 Cibyraticae
945 2169 1022 2246 apud
1041 2168 1155 2240 Asiam,
1180 2167 1324 2242 Aegiensi

244 2270 324 2348 apud
343 2269 499 2341 Achaiam,
524 2279 601 2330 mota
625 2278 720 2328 terrae
742 2269 905 2349 labefactas,
931 2269 1133 2328 subveniretur
1152 2270 1321 2328 remissione

246 2371 349 2430 tributi
369 2375 398 2431 in
421 2371 596 2431 triennium'
641 2372 685 2432 De
705 2371 833 2434 Senecae
855 2371 921 2433 loco
940 2372 1068 2433 dubitari
1091 2376 1198 2448 potest,
1220 2375 1321 2432 utrum

246 2480 462 2536 terraemotus
485 2475 537 2556 qui
559 2475 635 2550 Aegi
666 2475 768 2535 evenit
795 2475 874 2534 idem
902 2475 955 2549 sit,
989 2475 1040 2556 qui
1062 2474 1192 2534 Senecae
1222 2479 1319 2535 aetate

169 2595 172 2602 ’
245 2579 423 2651 iaetusest,
453 2597 491 2636 an
513 2578 555 2651 is,
587 2596 675 2657 quem
698 2575 854 2637 Lucretius
875 2580 1101 2651 commemorat,
1132 2576 1182 2637 vel
1204 2584 1238 2637 ut
1260 2577 1317 2636 alio

247 2681 333 2740 modo
349 2679 463 2760 loquar,
486 2684 586 2740 utrum
600 2679 713 2741 Seneca
728 2680 817 2742 etiam
839 2683 917 2742 hanc
939 2680 1077 2740 notitiem
1099 2697 1139 2738 ex
1160 2700 1213 2740 suo
1235 2680 1319 2739 fonte

247 2782 413 2860 sumpserit,
436 2803 474 2842 an
496 2783 561 2861 ipse
584 2782 732 2844 adiecerit.
776 2781 817 2844 Et
837 2802 957 2845 revera
972 2782 1024 2856 VI,
1042 2788 1068 2856 l,
1091 2787 1126 2841 te
1150 2781 1318 2843 concussio·

246 2905 299 2946 nes
321 2904 397 2965 quae
419 2890 515 2947 aetate
534 2905 587 2945 sua
602 2885 779 2960 aeciderunt,
802 2885 952 2948 laudavit:
974 2888 1058 2964 ,Asia
1074 2884 1218 2944 duodecim
1235 2883 1319 2943 nrbes

246 2989 334 3047 simnl
344 2989 474 3065 perdidit
494 2988 587 3068 (quod
602 3007 681 3048 anno
701 2987 737 3047 17
760 3009 790 3066 p.
806 2989 873 3048 Chr.
889 3009 918 3049 n.
935 2989 1047 3049 foetum
1069 3007 1133 3049 esse
1148 2987 1266 3048 Tacitus
1287 2986 1320 3045 in

246 3091 354 3152 aunall.
370 3093 411 3165 II,
428 3094 466 3151 47
491 3090 604 3168 narrat)
614 3091 644 3170 9)
666 3111 741 3149 anno
761 3094 862 3168 priore
876 3095 905 3150 in
921 3091 1063 3150 Actorum
1078 3100 1108 3148 et
1121 3090 1319 3150 Macedoniam

246 3213 429 3274 quaecamque
456 3204 500 3253 est
525 3195 581 3253 ista
605 3196 648 3252 aas
671 3195 743 3253 mali
763 3196 904 3265 incurrit,
936 3212 1009 3273 quae
1036 3213 1110 3253 nnnc
1135 3194 1318 3269 Campaniam

247 3293 338 3357 luesit’
350 3296 410 3376 ¹⁰).
454 3297 557 3356 Nihilo
589 3296 683 3357 secius
713 3315 777 3373 oap.
794 3301 833 3356 25
864 3295 1095 3358 Posidonianam
1122 3294 1319 3356 eruditionem

246 3401 363 3472 reddit;
385 3419 452 3460 enm
468 3399 547 3459 enim
564 3400 599 3459 de
614 3400 670 3460 hac
684 3417 717 3458 re
740 3399 893 3476 scripsisse
915 3400 1103 3478 perspicuum
1126 3402 1172 3460 est
1187 3417 1227 3484 en
1240 3397 1319 3460 Stra-

246 3504 324 3563 bone
346 3504 362 3562 1
384 3523 412 3580 p.
431 3503 512 3562 600.

315 3727 342 3786 9)
360 3726 392 3774 ct.
410 3725 518 3774 Plinium
535 3727 567 3773 N.
580 3725 613 3774 H.
632 3723 673 3786 11,
693 3727 757 3775 200:
784 3725 920 3791 ,Maxumas
945 3731 1025 3774 terrm
1050 3724 1165 3772 memoma
1185 3721 1320 3770 mortalium

245 3812 335 3860 eastitt't
358 3819 435 3860 motae
456 3811 539 3860 Toleni
555 3810 669 3860 Caesaris
682 3811 825 3874 principata
839 3812 894 3858 XII
905 3811 1003 3860 orbitas
1021 3811 1097 3859 Asiae
1114 3827 1163 3858 msa
1179 3818 1245 3859 nome
1259 3824 1319 3872 pro·

246 3897 344 3946 stratis!
378 3897 442 3946 Vide
460 3899 533 3946 etiam
551 3913 614 3959 quae
631 3898 796 3959 Nipperdeius
814 3899 909 3946 monuit
926 3897 957 3946 ad
976 3899 1033 3946 Tac.
1053 3898 1146 3945 annali.
1166 3898 1199 3956 ΙΙ,
1217 3899 1258 3946 li.

317 3986 359 4045 10)
383 3985 453 4033 Haec
470 3986 599 4034 concussio
617 3985 701 4034 evenit
726 3982 854 4051 [Memmio]
872 3985 961 4046 Reputo
984 3991 1007 4031 ct
1029 3983 1139 4044 Verginio
1159 3983 1241 4047 [Rufo]
1258 3995 1319 4029 coss.

245 4072 314 4120 nonis
338 4070 478 4118 Februariae
502 4071 567 4134 [Seu.
586 4071 636 4130 VI,
660 4074 688 4131 1,
708 4070 731 4132 2]
758 4085 820 4131 quos
844 4072 959 4119 consules
983 4070 1059 4118 tuisse
1082 4070 1140 4120 anni
1158 4072 1191 4118 63
1216 4084 1241 4130 p.
1260 4068 1318 4115 Chr.

246 4158 346 4206 Tacitus
363 4162 387 4204 st
404 4157 589 4217 chorographus
606 4156 664 4204 anni
683 4158 733 4204 sot
750 4161 879 4205 testantur.
914 4156 1010 4205 Eodem
1027 4169 1093 4205 anno
1111 4155 1206 4204 Seneca
1223 4159 1319 4204 sextum

246 4243 336 4298 librum
353 4244 384 4291 N.
399 4242 429 4303 Q.
448 4242 547 4304 scripsit
563 4240 618 4310 (Vl,
639 4245 661 4303 1,
681 4239 731 4308 13).
