3004 4828
555 308 820 427 &ac-

176 539 242 579 rum
272 519 349 595 apud
380 519 460 577 huno
486 539 541 579 nec
561 519 631 579 vola
657 539 711 579 nec
733 518 900 593 vestigium.
944 518 1103 576 Praeterea
1124 515 1249 576 Ovidius

178 624 214 680 de
244 621 344 680 Crathi
373 622 540 701 Sybarique
568 644 617 682 vv.
643 627 702 680 315
723 642 788 701 sqq.
819 620 876 680 sibi
905 620 1015 695 petivit
1042 620 1142 679 eadem
1174 637 1250 696 quae
1324 641 1327 654 ·

177 724 293 783 Plinius
323 725 360 782 de
382 724 484 783 Crathi
515 745 554 784 ex
584 725 789 801 Theophrasto
819 723 906 783 novit
933 723 1058 793 XXXI,
1079 727 1132 794 13,
1167 724 1197 778 et
1217 719 1250 777 in

144 813 145 818 ἵ
176 848 226 886 vv.
242 833 303 884 322
319 848 385 906 sqq.
414 848 479 886 curn
502 828 583 887 illius
606 829 622 908 ᾗ
642 833 679 887 16
708 827 777 886 libri
800 826 913 885 XXXI
941 825 1098 884 consentit.
1141 825 1249 902 Itaque

176 929 207 988 in
229 930 297 989 libri
320 931 354 990 Π
375 931 458 990 fonte
480 930 531 991 ille
553 935 627 993 haec
650 953 710 992 non
732 931 857 1004 invenit,
881 948 981 1010 neque
1002 930 1104 988 eodem
1128 930 1248 985 auctore

176 1038 302 1112 uterque
324 1054 395 1093 usus
419 1039 471 1094 est
517 1038 558 1093 At
580 1055 688 1110 magna
709 1041 756 1095 est
777 1032 940 1093 similitudo
963 1032 1041 1092 inter
1063 1029 1129 1090 eos!
1172 1028 1248 1086 Sane

175 1135 282 1194 mirum
305 1141 391 1208 essct,
414 1137 438 1195 si
461 1137 494 1195 in
515 1143 600 1197 tanta
621 1137 953 1214 paradoxographorum
975 1133 1166 1193 multitudine
1188 1151 1249 1190 non

176 1238 293 1315 saepius
314 1239 392 1297 idem
415 1241 493 1315 apud
510 1240 642 1300 divorsos
658 1245 793 1301 auctores
810 1239 966 1314 legeretur.
1011 1235 1134 1296 Etiamsi
1151 1238 1249 1293 autem
1307 1221 1321 1243 ⁶

175 1341 288 1400 Seneca
309 1341 458 1400 interdum
481 1342 581 1403 Ovidii
603 1361 707 1404 versus
729 1342 839 1415 attulit,
862 1347 970 1414 tamen,
993 1341 1073 1420 quod
1094 1339 1132 1397 iis
1154 1339 1248 1410 docet,

174 1443 207 1500 in
223 1444 370 1502 communi
393 1444 439 1503 sui
460 1446 555 1522 ipsius
570 1450 601 1505 et
615 1446 707 1505 Plinii
729 1446 814 1505 fonte
836 1448 987 1503 narratum
1002 1463 1066 1502 esse
1082 1462 1120 1501 ex
1135 1460 1249 1501 summa

178 1547 303 1606 aliarum
331 1566 429 1606 rerum
459 1549 654 1608 similitudino
682 1555 814 1626 apparet.
858 1548 971 1607 Seneca
999 1547 1092 1619 onim,
1123 1565 1188 1604 cum
1211 1544 1248 1602 de

175 1651 318 1710 Ciconum
332 1650 464 1723 flumine,
484 1653 520 1710 de
536 1652 677 1728 Lyncesti
692 1652 782 1724 amni,
799 1653 835 1710 de
852 1651 933 1728 Lyco
949 1656 980 1710 et
994 1649 1119 1708 Erasino
1136 1647 1248 1726 aliquid

173 1754 206 1810 in
226 1753 311 1812 fonte
333 1772 386 1812 suo
408 1752 530 1828 legeret,
552 1773 690 1815 versuum
708 1755 930 1826 Ouidianorum,
954 1753 1006 1832 qui
1022 1772 1057 1811 ea
1075 1758 1172 1811 astato
1194 1769 1247 1808 no-

175 1854 281 1914 tissimi
297 1861 390 1928 erant,
413 1857 584 1916 recordatus
599 1862 645 1916 est
666 1863 697 1915 et
719 1857 755 1914 ad
771 1858 935 1915 ornandum
957 1855 1066 1914 librum
1082 1874 1166 1913 suum
1186 1873 1247 1911 uon

175 1957 301 2016 auctoris
324 1960 416 2018 verba
438 1959 489 2018 sed
512 1958 612 2018 Ovidii
634 1978 739 2019 versus
761 1959 935 2036 exscripsit,
964 1959 1072 2037 quibus
1095 1958 1174 2037 quod
1196 1956 1247 2014 ille

172 2195 284 2240 amnem,
311 2180 438 2228 Pheneum
464 2181 544 2227 lacum
568 2181 715 2241 (318—86).
751 2183 865 2245 Denique
889 2182 919 2228 de
938 2181 1043 2242 Ortygia
1066 2181 1189 2239 loquitur,
1216 2179 1246 2226 de

175 2265 389 2327 Symplegadibus,
408 2267 439 2312 de
456 2266 537 2314 Aetna
554 2264 702 2332 (aes-55).

246 2350 301 2410 Qua
317 2353 342 2398 in
359 2357 430 2412 parte
448 2359 523 2413 poeta
540 2353 617 2400 stoico
635 2359 735 2402 auctore
753 2368 812 2402 usus
834 2370 888 2402 esse
905 2355 1010 2401 videtur.
1046 2354 1155 2400 Primum
1180 2353 1245 2399 enim

176 2443 281 2498 quatuor
294 2439 416 2486 elementa
428 2441 507 2498 affert,
526 2454 630 2499 quorum
643 2441 750 2500 quidque
761 2441 787 2487 in
799 2441 876 2488 alium
889 2446 998 2488 transeat
1015 2443 1069 2499 (vv.
1082 2441 1132 2488 250
1144 2441 1201 2497 sq.),
1218 2442 1247 2484 ut

176 2525 301 2584 Diogenes
318 2525 433 2572 Laertius
452 2526 506 2580 VII,
528 2528 575 2574 147
595 2530 619 2573 et
636 2525 730 2574 Seneca
746 2527 778 2572 N.
791 2527 820 2586 Q.
839 2528 883 2584 111,
906 2531 952 2589 103
971 2526 1059 2574 deinde
1077 2527 1151 2573 etiam
1168 2524 1245 2571 verba

175 2610 261 2658 Ovidii
286 2612 342 2674 ,aive
365 2618 400 2658 est
424 2612 519 2658 ananei
542 2611 619 2659 collad
643 2614 746 2660 stoicam
771 2615 908 2661 doctrinam
932 2615 1052 2661 redolent.
1094 2611 1191 2658 Pabula
1214 2611 1245 2657 de

172 2699 266 2758 Anigro
284 2698 384 2744 flumine
402 2698 528 2745 invenitur
545 2698 618 2745 etiam
637 2700 703 2758 apud
720 2698 867 2747 Strabonem
885 2700 945 2746 VIII
962 2713 986 2760 p.
1000 2701 1049 2747 346
1062 2713 1116 2758 sqq.
1140 2702 1165 2745 et
1181 2698 1244 2742 Pau·

172 2785 268 2832 sauiam
285 2783 315 2842 V,
335 2786 358 2842 6,
378 2787 400 2830 5.
437 2783 506 2843 Quae
524 2784 636 2830 narravit
653 2784 683 2831 de
700 2784 783 2845 Lyco,
800 2786 914 2844 Erasino,
933 2786 1041 2842 Antissa,
1059 2784 1150 2842 Pharo,
1168 2783 1242 2843 Tyro,

171 2870 298 2929 Leucade,
324 2869 409 2916 Helice
428 2873 452 2916 et
469 2869 549 2928 Bura,
576 2869 606 2916 de
624 2870 691 2917 fonte
709 2870 854 2919 Hammonis
871 2875 896 2919 et
912 2872 1060 2931 Dodonaeo,
1080 2870 1109 2916 de
1127 2869 1245 2916 Ciconum

172 2955 286 3013 flumine,
304 2955 413 3015 Lynceio
431 2955 511 3013 amni,
529 2954 629 3004 Pheneo
647 2957 702 3002 lacu
720 2970 775 3003 cum
792 2957 867 3003 Plinii
883 2958 907 3004 Il
924 2958 956 3018 ξς
974 2959 1037 3014 201,
1056 2960 1087 3012 4,
1106 2958 1134 3013 5,
1154 2958 1184 3012 6,
1203 2955 1244 3012 25,

175 3043 216 3100 26,
235 3044 276 3100 28,
295 3043 337 3101 60,
356 3043 387 3089 31
407 3041 570 3099 consentiunt,
588 3041 726 3089 accuratius
743 3047 825 3090 tamen
843 3043 927 3090 fabula
945 3045 975 3090 de
988 3044 1055 3090 fonte
1068 3042 1202 3089 Dodonaeo
1220 3044 1246 3086 et

171 3129 227 3174 lacu
244 3127 344 3174 Pheneo
362 3141 417 3174 oum
436 3127 587 3176 Callimacho
613 3129 679 3188 apud
696 3129 780 3188 Antig.
799 3128 856 3178 Car.
876 3131 940 3185 148,
961 3132 1025 3190 166;
1051 3142 1106 3175 cum
1123 3141 1153 3174 eo
1171 3127 1244 3173 etiam

172 3215 237 3274 quod
251 3218 325 3274 poeta
341 3213 424 3260 docuit
442 3213 472 3260 de
490 3212 583 3273 Crathi,
603 3214 768 3262 Callimachus
786 3229 826 3276 ap.
840 3216 944 3263 eundem
959 3219 1015 3272 134,
1033 3215 1064 3262 de
1081 3211 1245 3273 Aethiopibus

169 3299 271 3347 lacubus
288 3299 353 3346 idem
370 3313 409 3358 ap.
428 3300 500 3345 eund.
522 3301 578 3357 146,
597 3301 627 3347 (1(
644 3300 753 3360 Lynceio
772 3303 838 3349 amni
855 3303 920 3351 idem
938 3317 977 3362 ap.
996 3301 1067 3348 eund.
1087 3304 1142 3349 164.
1178 3299 1242 3346 Fere

171 3385 254 3433 omnia
273 3385 339 3432 iuter
362 3383 478 3432 Ovidium
502 3390 527 3433 et
551 3387 704 3446 Antigonum
727 3387 865 3436 communia
887 3389 961 3436 etiam
985 3389 1011 3434 in
1034 3385 1243 3434 Pseudo-Sotione

171 3471 214 3533 (ἐξ
234 3473 275 3532 11,
292 3473 334 3529 44,
353 3472 394 3530 17,
413 3473 454 3529 24,
473 3468 516 3537 20)
534 3473 701 3520 inveniuntur.

239 3558 269 3604 In
287 3558 367 3604 altera
383 3564 455 3618 parte
473 3557 578 3606 Ovidius
596 3560 626 3607 de
643 3561 784 3608 hominibus
802 3563 937 3622 ceterisque
954 3560 1104 3608 animalibus
1124 3560 1151 3606 in
1167 3559 1242 3605 aliam

171 3645 279 3704 speciem
296 3645 396 3691 mutatis
414 3645 492 3692 multa
509 3644 632 3694 disseruit.
669 3647 699 3694 In
717 3647 806 3706 quibus
823 3647 912 3694 mirum
930 3651 1047 3707 quantum
1071 3646 1164 3693 similes
1186 3649 1243 3691 sunt

170 3730 267 3777 fabulae
281 3730 311 3776 de
323 3729 419 3790 origine
430 3731 513 3790 apium
526 3734 581 3792 (vv.
589 3733 719 3793 664-67)
730 3733 877 3781 crabronum
889 3736 961 3794 (888)
973 3733 1089 3792 anguium
1100 3733 1241 3790 (669-90)

168 3817 352 3864 chamaeleonte
370 3813 511 3883 (410-12)
538 3831 592 3865 cum
611 3821 736 3879 Antigono
757 3818 870 3880 Carystio
898 3824 942 3876 19,
961 3821 1008 3878 69,
1028 3820 1074 3876 253
1103 3818 1134 3864 de
1156 3817 1240 3876 apium

169 3901 264 3961 origine
289 3902 364 3949 etiam
381 3903 461 3951 Varro
485 3905 551 3952 idern
575 3907 687 3952 narravit
709 3921 728 3952 r.
746 3920 766 3951 r.
785 3907 830 3962 111,
851 3910 895 3964 16,
922 3908 952 3952 de
970 3905 1065 3964 origine
1083 3904 1240 3962 scorpionum

169 3990 311 4050 (asa-71)
328 3989 423 4036 Plinius
441 3991 473 4037 N.
491 3991 522 4036 Η.
542 3995 565 4049 9,
585 3994 629 4046 99,
658 3994 688 4040 (1(
712 3993 800 4040 catulis
823 4005 895 4039 ursae
917 3990 1059 4053 (ata—81)
1084 3994 1108 4048 8,
1128 3991 1192 4047 126,
1211 3990 1241 4034 de

168 4073 290 4134 anguibus
308 4072 449 4138 (369-90)
470 4067 510 4135 16,
523 4077 581 4126 186.
601 4076 631 4124 (1(
647 4078 769 4137 phoenice
786 4074 944 4143 (asc-407)
965 4079 1032 4135 10,6
1052 4073 1185 4141 (Mamilius
1202 4089 1240 4122 se-

167 4165 239 4207 nator
257 4155 395 4225 laudatur),
423 4161 453 4208 de
470 4161 574 4222 hyaenis
592 4164 733 4224 (eoa—10)
752 4167 784 4222 8,
804 4165 864 4222 105,
883 4164 913 4211 de
931 4164 1115 4210 chamaeleonte
1132 4164 1161 4220 8,
1183 4164 1239 4219 122,

168 4245 199 4294 os
216 4245 308 4293 emmo
327 4247 469 4308 (aso-1⁷)
487 4248 530 4308 ss,
549 4251 590 4296 se.
909 4229 913 4235 '
