3004 4828
687 284 901 350 ..13-

184 423 186 430 ¹
250 440 378 519 plurima
400 440 530 520 quaein
552 439 682 500 Senecae
704 459 766 518 cap.
785 445 823 500 25
849 445 976 514 exstant,
998 440 1044 499 illi
1063 441 1172 502 tribuo.
1209 439 1323 501 ¹Terrae

250 553 372 616 motum,
396 563 454 623 quo
478 543 594 604 Chalcis
617 544 747 617 tremuit,
769 544 882 604 Seneca
903 563 943 603 ex
957 543 1167 621 Asclepiodoto
1189 543 1324 605 auditore

248 645 403 706 Posidonii
418 647 511 720 novit,
534 651 567 707 ut
588 647 651 724 ipse
670 647 747 706 dixit
769 647 800 706 in
818 667 880 725 cap.
898 647 948 721 173
972 666 1063 728 quare
1078 651 1161 724 patet
1176 664 1210 705 ee
1226 647 1325 706 omnia

250 768 326 828 qnae
358 750 390 808 in
423 769 486 826 cap.
510 754 549 808 25
584 750 785 810 Posidoniana
819 756 902 824 sunt,
940 768 979 810 ex
1014 749 1214 826 Asclepiodoti
1246 749 1323 808 libro

249 856 367 930 sumpta
381 871 453 912 esee.
497 853 638 912 Senecam
659 853 739 911 enim
761 873 821 913 non
842 852 958 911 illum'
949 871 1048 930 ipsum
1070 852 1248 925 adhibuisse,
1272 851 1324 924 sed

249 955 413 1015 auditorem
435 955 507 1031 eius,
530 955 630 1033 paullo
652 960 721 1032 post
741 955 836 1032 magis
858 955 994 1016 elucebit.

334 1057 373 1116 In
395 1057 527 1119 Lucretii
549 1078 598 1120 vv.
617 1063 676 1118 585
692 1078 758 1138 sqq.
789 1061 820 1118 et
841 1036 877 1118 de
900 1059 1009 1118 Sidone
1039 1063 1069 1118 et
1056 1059 1125 1118 tde
1148 1058 1224 1134 Aegi
1254 1017 1324 1117 alie-

249 1179 375 1241 rumque
397 1161 515 1220 urbium
538 1160 616 1220 idem
640 1162 819 1221 contendere
842 1160 927 1234 licet,
959 1180 1028 1221 nam
1050 1181 1100 1222 vv.
1119 1165 1263 1219 588-91
1288 1162 1324 1219 ab

250 1282 284 1322 eo
308 1263 419 1323 cladem
435 1261 556 1324 Helices
579 1269 610 1324 et
628 1263 724 1324 Burae
746 1263 830 1339 tangi
845 1264 1007 1325 verisimile
1023 1268 1068 1324 est
1080 1262 1139 1341 1³).
1184 1262 1325 1326 Quaestio

252 1370 351 1426 autem
374 1370 427 1440 est,
449 1387 521 1426 num
543 1366 623 1428 aliud
647 1387 686 1426 ex
708 1369 811 1428 eodem
833 1367 918 1428 fonte
941 1368 1114 1430 manaverit.

335 1469 400 1529 Iam
423 1477 511 1530 antea
531 1491 561 1532 v.
579 1475 638 1529 550
662 1489 701 1530 ex
716 1471 830 1531 Seneca
844 1471 898 1546 VI,
915 1475 998 1545 22,l
1024 1472 1181 1532 emendare
1203 1473 1327 1531 conatus

253 1593 328 1633 sum.
373 1572 505 1634 Lucretii
526 1593 630 1634 versus
653 1578 751 1634 autem
773 1579 843 1635 utut
864 1576 1067 1648 emendantur,
1089 1594 1176 1634 nemo
1199 1573 1329 1634 Senecae

253 1675 418 1736 simillimos
447 1695 511 1736 esse
533 1676 655 1753 negabit
681 1696 806 1758 eamque
829 1677 1052 1738 similitudinem
1075 1677 1209 1754 intellegi
1230 1696 1327 1754 posse,

253 1778 278 1838 si
300 1778 461 1838 conicimus
483 1784 642 1860 utrumque
665 1785 815 1842 auctorem
830 1782 934 1841 eodem
956 1782 1049 1855 fonte,
1072 1781 1226 1841 Posidonii
1241 1780 1326 1854 libro,

254 1900 318 1941 esse
341 1901 434 1941 nsum.

338 1984 397 2044 Sed
429 1987 487 2045 hoc
520 1986 609 2046 etiam
642 1986 702 2046 alia
729 2007 762 2047 re
795 1988 960 2048 accuratius
993 1987 1188 2052 demonstrari
1220 1992 1328 2065 potest.

254 2087 420 2146 Redeamus
442 2089 479 2147 ad
501 2088 738 2150 distributionem
761 2096 895 2150 motuum
911 2090 1128 2151 Lucretianam.
1171 2094 1269 2150 Antea
1283 2091 1328 2151 vi-

255 2189 350 2248 dimus
372 2196 491 2267 postem
515 2191 687 2252 distinxisse
709 2193 768 2252 tria
789 2211 900 2268 genera
923 2211 1038 2266 eorum,
1069 2194 1121 2273 qui
1144 2197 1233 2254 vento
1255 2193 1328 2253 facti

255 2299 340 2366 sunt,
372 2293 596 2356 inclinationem
627 2295 676 2355 vel
706 2296 906 2369 nutationem,
936 2295 1068 2372 hiatum,
1098 2297 1266 2368 horrorem,
1297 2295 1329 2352 id
1368 2312 1371 2317 ·

256 2395 334 2474 quod
358 2395 504 2472 Epicurus
526 2417 587 2456 non
608 2397 728 2457 fecerat.
772 2397 904 2457 Similem
933 2397 1154 2459 distInetionem
1175 2398 1331 2458 Posidonii

255 2495 389 2558 laudavit
399 2499 550 2575 Diogenes
563 2501 699 2560 Laertius
711 2499 780 2575 VII,
792 2504 868 2560 154:
890 2493 959 2570 τούς
978 2492 1117 2577 σεισμοῦς
1132 2494 1163 2559 di
1182 2499 1329 2579 γίνεσθαι,

256 2703 458 2752 concussionibus
477 2704 566 2763 habet,
594 2704 645 2753 fere
663 2705 747 2752 omnis
765 2719 796 2753 ex
813 2705 889 2754 Arist.
909 2711 966 2754 met.
984 2707 1021 2765 11,
1041 2709 1056 2755 8
1080 2707 1222 2767 exscripsit,
1249 2711 1330 2754 umen

258 2789 338 2837 rerba
361 2790 413 2837 eins
436 2790 451 2852 ἕ
472 2793 535 2839 197ε
562 2790 640 2838 missas
659 2791 905 2850 commutaveritis
928 2792 963 2839 ad
978 2792 1076 2839 obviem
1101 2793 1216 2840 mattulis
1235 2798 1331 2850 cucata,

257 2875 374 2934 multoque
391 2882 445 2922 aaut
467 2876 557 2923 haiom
579 2877 605 2922 ia
622 2876 706 2923 isidem
729 2877 780 2923 dlis
804 2891 864 2936 qnae
883 2877 989 2938 pendent
1006 2891 1077 2938 e.q.s.
1101 2893 1151 2926 non
1176 2879 1333 2927 consentiunt

258 2975 314 3008 oum
332 2960 495 3010 Aristoteliois
513 2977 537 3023 p.
551 2963 621 3012 ³662
639 2966 671 3012 23
684 2976 754 3022 squ:
782 2957 819 3012 ἔτι
837 2958 867 3013 δὲ
884 2959 942 3025 περὶ
959 2957 1053 3021 τόπους
1076 2959 1204 3021 τοιούτους
1221 2961 1244 3014 οἱ
1262 2960 1331 3031 ἰσχο-

260 3040 361 3107 ρότατοι
378 3043 486 3110 γίνονται
502 3045 553 3097 τῶν
572 3045 695 3111 streptis,
715 3039 777 3098 ὅπου
795 3041 815 3110 ri
834 3042 948 3098 θάλαττα
966 3043 1067 3112 ῥοώδης
1084 3039 1103 3111 ἧ
1121 3043 1140 3112 η“
1158 3045 1231 3115 χώρα
1244 3044 1332 3114 erupit

259 3127 304 3180 >rui
322 3121 452 3194 ῧπαντρος,
470 3132 515 3180 sed
532 3133 610 3179 multo
628 3133 706 3192 magis
725 3147 780 3180 cum
799 3131 959 3180 Callisthenis
969 3134 1062 3194 placito
1080 3136 1145 3195 apud
1158 3134 1276 3182 Senecam
1288 3135 1331 3190 Vl¹

260 3219 301 3274 26,
314 3218 344 3264 4:
361 3216 415 3263 sileo
432 3217 540 3264 duddan
556 3217 635 3264 videri
650 3218 700 3266 med
718 3221 761 3279 (sc.
774 3220 885 3278 Delum),
904 3219 962 3278 quia
979 3219 1045 3266 utari
1059 3220 1172 3281 imposita
1188 3222 1220 3268 rit
1235 3221 1334 3268 lrabeat-

261 3317 305 3361 que
319 3316 438 3350 cormacus
455 3317 525 3364 rupes
544 3311 565 3350 et
583 3317 645 3351 sace
657 3305 753 3366 pesum,
773 3321 834 3364 quae
852 3305 906 3352 deest
923 3305 1067 3366 deprebensa
1084 3309 1140 3354 ueri
1153 3308 1262 3356 reditum.
1300 3306 1335 3354 Ob

263 3390 307 3435 boc
324 3395 346 3435 et
362 3388 454 3436 oenum
471 3403 520 3436 eece
537 3375 646 3437 certioris
664 3391 710 3438 soli
724 3391 840 3451 urbesque
857 3406 883 3438 eo
900 3392 1012 3450 cabrer,
1038 3406 1084 3452 quo
1097 3393 1200 3454 proprias
1217 3395 1253 3441 ad
1269 3410 1336 3442 mare

264 3481 419 3521 accesserunt.
454 3475 541 3534 Neque
558 3490 619 3523 vero
637 3474 813 3525 Callisthenem
830 3477 925 3524 Plinius
942 3477 967 3524 in
985 3478 1065 3527 iudice
1082 3480 1174 3527 laudat.

334 3557 376 3626 15)
394 3560 469 3610 Pelso
486 3561 605 3609 hiunrons
623 3562 748 3610 contendit
764 3562 906 3610 Lucretium
923 3562 1036 3624 Aegium,
1055 3579 1118 3624 quae
1135 3566 1195 3614 urbs
1213 3580 1268 3614 curn
1285 3567 1336 3615 He·

265 3647 312 3692 lice
331 3650 355 3692 et
372 3645 439 3693 Bura
458 3659 506 3694 uno
524 3653 635 3708 tempore
653 3662 742 3696 eversa
759 3653 839 3706 esset,
858 3648 983 3708 attulisse,
1003 3651 1069 3710 quod
1085 3664 1130 3698 sue
1147 3657 1229 3701 aetate
1246 3653 1338 3701 clarior

264 3731 358 3790 luisset,
376 3743 449 3790 quum
466 3731 524 3780 illue
543 3737 568 3781 et
585 3732 742 3781 Callisthenis
760 3733 836 3781 libros
853 3734 952 3794 legisse,
971 3749 1044 3794 quem
1062 3734 1155 3784 Seneca
1173 3740 1214 3799 23,
1233 3741 1249 3787 4
1267 3740 1337 3788 testis

265 3821 303 3864 est
320 3815 350 3863 de
367 3815 453 3864 Helice
470 3822 496 3865 et
512 3819 578 3865 Bura
602 3820 738 3880 scripsisse.
773 3820 878 3880 Aegium
901 3835 950 3868 non
970 3820 1055 3869 eodem
1079 3827 1189 3883 tempore
1206 3838 1255 3884 quo
1272 3825 1337 3872 aliae

266 3901 341 3950 urbes
365 3916 478 3951 eversum
499 3918 568 3964 esse,
594 3906 644 3952 iam
662 3921 693 3953 ex
711 3905 819 3954 Senecae
838 3906 921 3954 verbis
938 3907 1048 3966 sequitur
1066 3913 1090 3956 et
1107 3923 1137 3957 ex
1154 3909 1265 3958 Diodoro
1282 3912 1337 3970 XV,

267 3987 314 4035 48:
332 3981 431 4050 ἐγένετο
449 3983 479 4039 δὲ
495 3989 569 4040 τοῦτο
585 3986 615 4042 ri
633 3985 716 4048 coitio<
732 3989 782 4056 τῆς
798 3985 906 4058 Ἀχαΐας
922 3989 981 4056 περὶ
998 3990 1057 4044 δύο
1074 3991 1169 4056 πόλεις,
1185 3991 1292 4060 Ἑλίκην
1309 4011 1339 4047 τε

267 4067 313 4122 καὶ
330 4068 436 4136 Boione,
454 4073 525 4126 ard„
559 4075 735 4124 Callisthenem
758 4077 789 4124 de
813 4079 893 4138 Aegio
919 4079 1047 4139 scripsisse
1072 4094 1145 4129 nemo
1170 4081 1339 4130 demonstrare

268 4159 357 4217 potest.
