3004 4828
611 385 824 462 ,411-

181 544 274 604 multa
303 543 502 602 Posidoniana
524 541 653 603 Senecae
682 543 758 602 libro
782 543 833 602 111
863 543 961 602 inesse
990 547 1070 604 reete
1100 540 1255 602 intellexit

181 647 214 704 in
235 667 300 723 pag.
318 650 389 704 225.

268 750 353 809 (berte
376 747 408 807 in
425 767 489 823 eap.
503 748 548 806 VI
561 747 790 808 Posidonianam
813 749 1010 808 eruditionem
1031 750 1162 825 praebet.
1197 748 1256 806 Hie

182 853 259 912 enim
296 851 381 911 dicit:
419 851 549 928 ‘Quidam
584 853 753 909 eruestirnaa!
780 853 914 928 quiequid
942 873 978 910 em
1009 851 1145 910 imbribus
1176 859 1254 907 lema

182 956 316 1031 consopit,
335 955 374 1012 ad
384 957 440 1012 ιἰνιπ
454 954 533 1012 trabi
547 963 577 1010 et
590 955 618 1011 ia
626 955 753 1033 flumina
769 973 871 1012 rursus
886 956 979 1012 emitti
989 965 1017 1012 et
1027 953 1080 1011 Ινοα
1093 955 1259 1030 argusaeati

182 1059 244 1116 loeo
263 1065 388 1134 ponuat,
413 1058 487 1134 quod
507 1059 660 1116 rarissima
674 1058 799 1136 flemma
822 1068 889 1115 sunl
912 1060 941 1116 iu
964 1058 1008 1116 bis
1030 1059 1121 1127 loeis,
1153 1055 1255 1134 qm'bus

181 1179 269 1218 rarus
290 1169 335 1218 est
354 1160 452 1219 imber.
498 1160 564 1217 Ideo
585 1161 679 1221 steens
701 1161 784 1216 aium
805 1149 978 1238 Aethiopiae
1005 1161 1173 1218 solitudines
1194 1177 1255 1216 esse

178 1283 342 1342 paucosque
372 1265 498 1321 ιἰνααιιιίνΙ
527 1265 556 1320 ia
590 1265 728 1320 interiore
758 1262 867 1343 Asriea
889 1262 1008 1342 sontes,
1041 1265 1108 1340 quia
1133 1261 1254 1341 ¹fervida

183 1375 288 1424 aratura
311 1367 387 1424 coeli
405 1368 445 1423 sil
466 1375 493 1424 ei
511 1385 604 1442 paene
624 1385 733 1443 semper
755 1369 873 1425 aestiua.
909 1367 1058 1444 squalidae
1080 1368 1174 1442 itaque
1195 1366 1257 1422 είαε

183 1469 296 1540 arbore,
322 1471 383 1526 sz'ue
405 1469 515 1526 cultore
537 1487 643 1526 arenae
665 1471 759 1526 eareat
780 1472 859 1530 raris
881 1469 1018 1527 imbribus
1032 1488 1162 1546 sparsae,
1187 1485 1256 1544 quos

182 1574 278 1629 statim
297 1570 481 1629 combibunt)
524 1571 607 1629 Idem
623 1572 783 1631 Posidonio
799 1571 905 1632 tribuit
919 1573 1025 1632 Strabo
1040 1571 1135 1630 XVII
1149 1590 1179 1646 p.
1193 1573 1253 1628 830

182 1674 229 1751 (fr.
249 1673 319 1750 73):
346 1665 606 1742 Ποσειδώνιος
629 1665 654 1730 δ’
669 1668 725 1732 οὐκ
741 1664 798 1732 οἶδ’
816 1670 842 1731 εί
856 1666 998 1750 ἀληθεύει
1021 1667 1121 1750 φήσας
1144 1667 1254 1750 ὀλίγοις

183 1773 233 1835 καί
254 1779 371 1853 μικροῖς
390 1774 577 1855 διαρρεῖσθαι
596 1779 741 1851 ποταμοῖς
759 1773 811 1852 τήν
827 1769 962 1853 Λιβύην·
986 1769 1097 1845 abrosis
1119 1768 1175 1854 γοὶρ
1200 1766 1255 1843 οὓς

181 1870 393 1957 Ἀρτεμίδωρος
404 1876 512 1956 εἴρηκε,
536 1873 605 1948 τούς
617 1873 724 1954 μεταξύ
736 1880 788 1956 τῆς
799 1872 921 1959 Λυγγδς
932 1875 982 1938 καί
997 1872 1192 1958 Καρχηδόνος
1203 1873 1254 1936 καὶ

183 1975 309 2050 πολλοὺς
339 1979 436 2059 είριγκε
464 1979 515 2042 καὶ
536 1979 689 2063 μεγάλους.
733 1975 782 2042 Ἐν
805 1978 836 2042 δὲ
858 1984 893 2066 τῇ
917 1982 1059 2065 μεσογαίᾳ
1081 1973 1162 2040 ταῦτ’
1184 1974 1255 2055 ἄλη·

184 2080 326 2162 θὲστερον
354 2081 462 2144 είπεῑν·
495 2083 594 2165 είρηκε
616 2081 648 2145 δὲ
669 2079 777 2146 τούτου
799 2079 853 2162 τὴν
876 2084 972 2145 αἰτίαν
995 2078 1101 2156 αιίτός·
1135 2076 1175 2160 μὴ
1198 2075 1254 2162 γοίρ

182 2185 417 2267 κατομβρεῖσθαι
441 2191 504 2258 τοῖς
526 2179 680 2266 οίρκτιιιοῖς
703 2186 811 2266 με’ρεσι,
833 2183 971 2267 καθάπερ
994 2181 1131 2264 saldimia
1146 2184 1254 2244 Αἰθιο-

182 2291 253 2350 πίαν
269 2292 355 2365 φασί·
379 2285 425 2350 διδ
442 2286 583 2362 πολλάκις
603 2285 723 2367 λοιμικδ
747 2289 901 2368 ἐμπίπτειν
918 2285 978 2351 barb
996 2287 1120 2367 αὐχμῶν
1136 2285 1187 2347 καὶ
1202 2281 1256 2357 τοὶς

184 2393 288 2469 λίμνας
309 2387 456 2468 τελμάτων
478 2395 668 2470 πίμπλασθαι
690 2393 740 2454 καὶ
763 2388 817 2469 τὴν
839 2391 947 2473 ἀκρίδα
970 2387 1165 2465 ἐπιπολάζειν.
1210 2394 1255 2450 De

184 2497 316 2556 Thaletis
346 2499 494 2557 sententia
521 2499 554 2556 in
584 2517 646 2575 oap.
667 2504 703 2557 13
728 2506 757 2560 et
782 2504 819 2558 14
849 2498 998 2558 Dialesius
1028 2497 1167 2556 disseruit
1193 2494 1217 2584 λΙχ
1236 2495 1254 2552 l.

184 2599 285 2658 Simile
314 2600 426 2680 aliquid
454 2602 508 2659 sub
538 2606 618 2660 terra
644 2602 709 2660 fieri
736 2608 825 2681 atque
846 2601 879 2658 in
901 2600 1029 2660 nubibus
1049 2600 1161 2659 Seneca
1183 2599 1256 2658 dioit

183 2702 241 2774 ΙΙΙ,
261 2707 305 2775 15,
326 2706 342 2760 7
366 2708 396 2762 et
419 2704 453 2777 V,
473 2709 556 2776 14‚3
581 2710 611 2764 et
632 2704 748 2763 Plinius
770 2704 802 2762 in
826 2701 842 2782 ξ
865 2709 933 2775 192,
958 2722 1033 2782 quae
1055 2723 1115 2763 non
1132 2723 1171 2762 ex
1186 2701 1254 2760 Ari·

184 2805 298 2864 stotelis
327 2809 447 2865 meteor.
474 2807 521 2880 11,
544 2812 561 2864 8
590 2809 696 2867 hausta
725 2813 777 2866 est.
822 2808 867 2865 De
896 2807 989 2866 antris
1018 2805 1178 2865 mortiferis
1205 2805 1255 2863 vel

183 2907 289 2966 avibus
318 2908 491 2969 ebrietatem
521 2909 720 2970 efficientibus
750 2929 773 2968 e.
795 2914 830 2967 21
865 2911 943 2968 idem
973 2911 1059 2968 docet
1087 2913 1189 2968 auctor
1218 2907 1254 2965 de

184 3011 293 3069 mundo
323 3011 367 3070 IV
388 3030 417 3087 p.
435 3013 527 3071 395b
551 3017 590 3068 26
607 3031 671 3090 sqq.
704 3012 1070 3088 Empedoclis-sententia
1101 3013 1136 3070 de
1169 3012 1254 3091 aquis

185 3111 349 3171 calentibus
379 3133 441 3190 oap.
466 3119 505 3172 24
537 3114 690 3174 invenitur
719 3114 809 3174 etiem
840 3116 875 3173 de
905 3116 1014 3173 mundo
1045 3116 1089 3174 IV
1114 3135 1143 3190 p.
1161 3114 1253 3171 3951)

186 3221 224 3273 23
238 3236 303 3295 sqq.
349 3216 491 3280 Quartam
513 3217 739 3276 inundationum
762 3218 908 3277 rationem
930 3218 962 3274 i‘n
986 3235 1047 3292 sap.
1065 3223 1103 3275 26
1127 3208 1253 3276 similem

184 3319 306 3380 tradidit
327 3320 439 3378 Seneea
461 3325 550 3399 atque
564 3319 715 3393 Diogenes
732 3319 936 3395 Apolloniates
958 3320 1035 3396 apud
1058 3320 1182 3377 eundem
1201 3319 1253 3391 IV,

186 3427 214 3492 2,
231 3428 270 3480 28
283 3443 327 3503 sq.
357 3430 388 3482 et
417 3421 595 3482 Posidonius
625 3423 703 3498 apud
730 3420 866 3481 Strabon.
888 3422 939 3480 m
960 3443 987 3499 p.
1008 3422 1065 3504 173
1096 3427 1126 3480 et
1153 3425 1255 3480 auctor

183 3523 253 3582 libri
275 3526 311 3584 de
333 3525 443 3583 mundo
466 3524 510 3583 IV
532 3545 561 3600 p.
580 3529 668 3582 396a
692 3529 729 3582 25
744 3544 807 3603 sqq.
852 3524 1006 3588 Quomodo
1028 3544 1109 3583 mare
1131 3545 1162 3583 se
1185 3543 1254 3600 pur-

163 3633 275 3702 .garet,
298 3633 329 3687 et
345 3627 458 3686 Seneea
476 3627 616 3703 exposuit
637 3647 660 3686 ο.
677 3633 728 3701 26,
745 3628 818 3707 7sq.
841 3633 872 3686 et
892 3627 1026 3687 Strabol
1049 3647 1078 3702 p.
1094 3631 1142 3698 53,
1166 3644 1253 3705 quem

182 3730 280 3788 loeum
303 3730 454 3790 Posidonii
476 3749 540 3788 esse
561 3729 635 3788 mihi
656 3731 797 3805 persuasi.

270 3835 366 3893 Etiam
386 3834 422 3891 de
437 3831 528 3891 Plinii
549 3833 625 3893 libro
641 3833 674 3890 Π
695 3834 773 3891 idem
795 3834 914 3909 probari
932 3836 1046 3909 potest:
1068 3831 1162 3892 multa
1176 3830 1254 3888 euim

183 3938 225 3995 ibi
249 3937 448 3997 Posidoniana
476 3942 553 3996 sunt.
598 3936 664 3996 Ηοο
686 3936 751 3995 loeo
775 3937 860 3995 modo
885 3935 920 3994 de
941 3935 979 3994 iis
1000 3938 1089 3995 rebus
1111 3935 1254 3994 disserere

182 4058 312 4116 possum,
335 4057 411 4117 quae
430 4039 623 4110 mirabilibus,
648 4039 683 4097 de
700 4039 808 4118 quibus
823 4058 887 4114 ago,
907 4039 1095 4114 praecedunt,
1119 4037 1254 4116 quamvis

183 4141 330 4218 permulta
364 4140 395 4200 in
423 4141 490 4200 aliis
520 4141 666 4217 capitibus
696 4151 730 4199 ut
761 4151 834 4217 puto
864 4141 959 4200 eidem
993 4139 1172 4217 philosopho
1202 4139 1254 4198 tri-

182 4244 300 4303 buenda
329 4249 406 4303 sunt.
449 4245 594 4303 Memoria
616 4249 697 4304 ortus
719 4241 832 4302 'Pherae
854 4246 885 4304 et
906 4243 1063 4304 Therasiae
1090 4244 1254 4304 insularum
