<?xml version="1.0" encoding="UTF-8"?>
<!DOCTYPE html PUBLIC "-//W3C//DTD XHTML 1.0 Transitional//EN"
    "http://www.w3.org/TR/xhtml1/DTD/xhtml1-transitional.dtd">
<html xmlns="http://www.w3.org/1999/xhtml" xml:lang="en" lang="en">
 <head>
  <title>
</title>
<meta http-equiv="Content-Type" content="text/html;charset=utf-8" />
  <meta name='ocr-system' content='tesseract 3.04.00' />
  <meta name='ocr-capabilities' content='ocr_page ocr_carea ocr_par ocr_line ocrx_word'/>
</head>
<body>
  <div class='ocr_page' id='page_1' title='image "./deposidoniolucr01ruscgoog_0042.png"; bbox 0 0 3004 4828; ppageno 0'>
   <div class='ocr_carea' id='block_1_1' title="bbox 578 325 792 392">
    <p class='ocr_par' dir='ltr' id='par_1_1' title="bbox 578 325 792 392">
     <span class='ocr_line' id='line_1_1' title="bbox 578 325 792 392; baseline 0 -18"><span class='ocrx_word' id='word_1_1' title='bbox 578 325 792 392; x_wconf 70' lang='lat'><strong>...33-</strong></span> 
     </span>
    </p>
   </div>
   <div class='ocr_carea' id='block_1_2' title="bbox 145 481 1224 1076">
    <p class='ocr_par' dir='ltr' id='par_1_2' title="bbox 145 481 1224 1076">
     <span class='ocr_line' id='line_1_2' title="bbox 148 481 1222 562; baseline -0.003 -21"><span class='ocrx_word' id='word_1_2' title='bbox 148 484 268 544; x_wconf 90' lang='lat' dir='ltr'><em>maioris</em></span> <span class='ocrx_word' id='word_1_3' title='bbox 283 486 389 555; x_wconf 91' lang='lat' dir='ltr'><em>autem,</em></span> <span class='ocrx_word' id='word_1_4' title='bbox 413 483 491 562; x_wconf 88' lang='lat' dir='ltr'><em>quod</em></span> <span class='ocrx_word' id='word_1_5' title='bbox 509 483 587 559; x_wconf 88' lang='lat' dir='ltr'><em>apud</em></span> <span class='ocrx_word' id='word_1_6' title='bbox 603 483 734 542; x_wconf 89' lang='lat' dir='ltr'>Plinium</span> <span class='ocrx_word' id='word_1_7' title='bbox 750 481 870 556; x_wconf 85' lang='lat' dir='ltr'>XXXI,</span> <span class='ocrx_word' id='word_1_8' title='bbox 889 487 927 541; x_wconf 80' lang='lat'><em>54</em></span> <span class='ocrx_word' id='word_1_9' title='bbox 944 486 1055 544; x_wconf 83' lang='lat' dir='ltr'><em>exstat:</em></span> <span class='ocrx_word' id='word_1_10' title='bbox 1077 483 1139 560; x_wconf 72' lang='lat' dir='ltr'><em>,illa</em></span> <span class='ocrx_word' id='word_1_11' title='bbox 1163 500 1222 538; x_wconf 87' lang='lat' dir='ltr'><em>ma-</em></span> 
     </span>
     <span class='ocr_line' id='line_1_3' title="bbox 150 584 1222 664; baseline -0.002 -20"><span class='ocrx_word' id='word_1_12' title='bbox 150 589 220 664; x_wconf 72' lang='lat' dir='ltr'><em>rutia</em></span> <span class='ocrx_word' id='word_1_13' title='bbox 244 588 326 657; x_wconf 68' lang='lat' dir='ltr'><em>mera,</em></span> <span class='ocrx_word' id='word_1_14' title='bbox 354 584 405 643; x_wconf 78' lang='lat' dir='ltr'><em>abi</em></span> <span class='ocrx_word' id='word_1_15' title='bbox 424 604 513 643; x_wconf 84' lang='lat' dir='ltr'><em>eausa</em></span> <span class='ocrx_word' id='word_1_16' title='bbox 536 585 617 644; x_wconf 78' lang='lat' dir='ltr'><em>arella</em></span> <span class='ocrx_word' id='word_1_17' title='bbox 640 586 754 644; x_wconf 81' lang='lat' dir='ltr'><em>evidens</em></span> <span class='ocrx_word' id='word_1_18' title='bbox 775 585 904 663; x_wconf 81' lang='lat' dir='ltr'><em>adparet,</em></span> <span class='ocrx_word' id='word_1_19' title='bbox 929 588 1004 644; x_wconf 79' lang='lat' dir='ltr'><em>sabat</em></span> <span class='ocrx_word' id='word_1_20' title='bbox 1026 588 1055 642; x_wconf 84' lang='lat' dir='ltr'><em>ia</em></span> <span class='ocrx_word' id='word_1_21' title='bbox 1071 587 1222 662; x_wconf 81' lang='lat' dir='ltr'><em>Magnesia</em></span> 
     </span>
     <span class='ocr_line' id='line_1_4' title="bbox 147 687 1224 766; baseline -0.002 -20"><span class='ocrx_word' id='word_1_22' title='bbox 147 689 278 747; x_wconf 74' lang='lat' dir='ltr'><em>scalada</em></span> <span class='ocrx_word' id='word_1_23' title='bbox 300 688 387 766; x_wconf 85' lang='lat' dir='ltr'><em>sarta</em></span> <span class='ocrx_word' id='word_1_24' title='bbox 409 687 540 765; x_wconf 62' lang='lat' dir='ltr'><em>frigida,</em></span> <span class='ocrx_word' id='word_1_25' title='bbox 564 689 637 746; x_wconf 83' lang='lat' dir='ltr'><em>salr&#39;s</em></span> <span class='ocrx_word' id='word_1_26' title='bbox 659 709 714 746; x_wconf 86' lang='lat' dir='ltr'><em>aaa</em></span> <span class='ocrx_word' id='word_1_27' title='bbox 738 697 846 746; x_wconf 81' lang='lat' dir='ltr'><em>metato</em></span> <span class='ocrx_word' id='word_1_28' title='bbox 867 687 994 763; x_wconf 79' lang='lat' dir='ltr'><em>sapora&#39;</em></span> <span class='ocrx_word' id='word_1_29' title='bbox 1038 687 1105 746; x_wconf 91' lang='lat' dir='ltr'><em>Hoc</em></span> <span class='ocrx_word' id='word_1_30' title='bbox 1131 688 1224 763; x_wconf 84' lang='lat' dir='ltr'><em>igitur</em></span> 
     </span>
     <span class='ocr_line' id='line_1_5' title="bbox 147 791 1223 870; baseline 0 -20"><span class='ocrx_word' id='word_1_31' title='bbox 147 793 211 850; x_wconf 93' lang='lat' dir='ltr'><em>loco</em></span> <span class='ocrx_word' id='word_1_32' title='bbox 234 795 337 851; x_wconf 79' lang='lat' dir='ltr'><em>auctor</em></span> <span class='ocrx_word' id='word_1_33' title='bbox 360 791 513 851; x_wconf 79' lang='lat' dir='ltr'><strong>contendit</strong></span> <span class='ocrx_word' id='word_1_34' title='bbox 536 810 653 850; x_wconf 87' lang='lat' dir='ltr'><em>oausam</em></span> <span class='ocrx_word' id='word_1_35' title='bbox 675 792 843 853; x_wconf 82' lang='lat' dir='ltr'><strong>evidentem</strong></span> <span class='ocrx_word' id='word_1_36' title='bbox 873 810 934 850; x_wconf 93' lang='lat' dir='ltr'><em>non</em></span> <span class='ocrx_word' id='word_1_37' title='bbox 966 791 1107 868; x_wconf 78' lang='lat' dir='ltr'><em>adparere</em></span> <span class='ocrx_word' id='word_1_38' title='bbox 1128 810 1223 870; x_wconf 88' lang='lat' dir='ltr'><em>aquae</em></span> 
     </span>
     <span class='ocr_line' id='line_1_6' title="bbox 146 893 1222 973; baseline -0.002 -19"><span class='ocrx_word' id='word_1_39' title='bbox 146 899 292 954; x_wconf 86' lang='lat' dir='ltr'><em>mutatae:</em></span> <span class='ocrx_word' id='word_1_40' title='bbox 316 895 394 969; x_wconf 89' lang='lat' dir='ltr'><em>apud</em></span> <span class='ocrx_word' id='word_1_41' title='bbox 416 893 556 954; x_wconf 79' lang='lat' dir='ltr'><em>Senecam</em></span> <span class='ocrx_word' id='word_1_42' title='bbox 579 913 602 952; x_wconf 92' lang='lat' dir='ltr'><em>o.</em></span> <span class='ocrx_word' id='word_1_43' title='bbox 619 898 655 953; x_wconf 89' lang='lat'><em>11</em></span> <span class='ocrx_word' id='word_1_44' title='bbox 680 894 805 969; x_wconf 86' lang='lat' dir='ltr'><em>legitur:</em></span> <span class='ocrx_word' id='word_1_45' title='bbox 827 895 908 971; x_wconf 67' lang='lat' dir='ltr'><em>,rilem</em></span> <span class='ocrx_word' id='word_1_46' title='bbox 932 893 1023 973; x_wconf 89' lang='lat' dir='ltr'><em>(quod</em></span> <span class='ocrx_word' id='word_1_47' title='bbox 1045 893 1077 951; x_wconf 92' lang='lat' dir='ltr'><em>in</em></span> <span class='ocrx_word' id='word_1_48' title='bbox 1099 893 1222 967; x_wconf 82' lang='lat' dir='ltr'><em>Haemo,</em></span> 
     </span>
     <span class='ocr_line' id='line_1_7' title="bbox 145 996 1221 1076; baseline 0 -21"><span class='ocrx_word' id='word_1_49' title='bbox 145 997 197 1056; x_wconf 93' lang='lat' dir='ltr'><em>ubi</em></span> <span class='ocrx_word' id='word_1_50' title='bbox 214 1016 291 1076; x_wconf 90' lang='lat' dir='ltr'><em>aqua</em></span> <span class='ocrx_word' id='word_1_51' title='bbox 305 997 411 1070; x_wconf 84' lang='lat' dir='ltr'><em>ingens</em></span> <span class='ocrx_word' id='word_1_52' title='bbox 433 997 572 1074; x_wconf 87' lang='lat' dir='ltr'><em>appamit</em></span> <span class='ocrx_word' id='word_1_53' title='bbox 594 997 677 1057; x_wconf 84' lang='lat' dir='ltr'><strong>silvis</strong></span> <span class='ocrx_word' id='word_1_54' title='bbox 699 996 832 1074; x_wconf 88' lang='lat' dir='ltr'><em>succisis)</em></span> <span class='ocrx_word' id='word_1_55' title='bbox 855 999 933 1054; x_wconf 80' lang='lat' dir='ltr'><em>cirea</em></span> <span class='ocrx_word' id='word_1_56' title='bbox 950 997 1131 1072; x_wconf 77' lang='lat' dir='ltr'><em>Magnessam</em></span> <span class='ocrx_word' id='word_1_57' title='bbox 1146 1000 1221 1055; x_wconf 80' lang='lat' dir='ltr'><em>aoei-</em></span> 
     </span>
    </p>
   </div>
   <div class='ocr_carea' id='block_1_3' title="bbox 146 1098 1326 1179">
    <p class='ocr_par' dir='ltr' id='par_1_3' title="bbox 146 1098 1326 1179">
     <span class='ocr_line' id='line_1_8' title="bbox 146 1098 1326 1179; baseline 0.006 -23"><span class='ocrx_word' id='word_1_58' title='bbox 146 1099 245 1156; x_wconf 82' lang='lat' dir='ltr'><em>dr‘sse.’</em></span> <span class='ocrx_word' id='word_1_59' title='bbox 272 1100 380 1179; x_wconf 90' lang='lat' dir='ltr'><em>Itaque</em></span> <span class='ocrx_word' id='word_1_60' title='bbox 392 1119 489 1179; x_wconf 88' lang='lat' dir='ltr'><em>neque</em></span> <span class='ocrx_word' id='word_1_61' title='bbox 501 1100 647 1160; x_wconf 85' lang='lat' dir='ltr'><em>secundus</em></span> <span class='ocrx_word' id='word_1_62' title='bbox 660 1119 757 1178; x_wconf 88' lang='lat' dir='ltr'><em>neque</em></span> <span class='ocrx_word' id='word_1_63' title='bbox 772 1099 938 1160; x_wconf 89' lang='lat' dir='ltr'><em>tricesimus</em></span> <span class='ocrx_word' id='word_1_64' title='bbox 953 1119 1030 1158; x_wconf 90' lang='lat' dir='ltr'><em>unus</em></span> <span class='ocrx_word' id='word_1_65' title='bbox 1041 1098 1131 1158; x_wconf 91' lang='lat' dir='ltr'><strong>Plinii</strong></span> <span class='ocrx_word' id='word_1_66' title='bbox 1148 1101 1224 1160; x_wconf 91' lang='lat' dir='ltr'><em>liber</em></span> <span class='ocrx_word' id='word_1_67' title='bbox 1324 1147 1326 1163; x_wconf 90' lang='lat'>.</span> 
     </span>
    </p>
   </div>
   <div class='ocr_carea' id='block_1_4' title="bbox 148 1202 1221 1281">
    <p class='ocr_par' dir='ltr' id='par_1_4' title="bbox 148 1202 1221 1281">
     <span class='ocr_line' id='line_1_9' title="bbox 148 1202 1221 1281; baseline 0.002 -22"><span class='ocrx_word' id='word_1_68' title='bbox 148 1219 187 1259; x_wconf 85' lang='lat' dir='ltr'><em>ex</em></span> <span class='ocrx_word' id='word_1_69' title='bbox 210 1203 312 1261; x_wconf 88' lang='lat' dir='ltr'><em>eodem</em></span> <span class='ocrx_word' id='word_1_70' title='bbox 336 1203 479 1279; x_wconf 83' lang='lat' dir='ltr'><strong>scriptore</strong></span> <span class='ocrx_word' id='word_1_71' title='bbox 502 1203 642 1279; x_wconf 78' lang='lat' dir='ltr'><strong>descripti</strong></span> <span class='ocrx_word' id='word_1_72' title='bbox 666 1208 736 1262; x_wconf 87' lang='lat' dir='ltr'><em>sunt</em></span> <span class='ocrx_word' id='word_1_73' title='bbox 763 1222 803 1261; x_wconf 85' lang='lat' dir='ltr'><em>ex</em></span> <span class='ocrx_word' id='word_1_74' title='bbox 825 1223 884 1281; x_wconf 91' lang='lat' dir='ltr'><em>quo</em></span> <span class='ocrx_word' id='word_1_75' title='bbox 906 1202 1036 1262; x_wconf 80' lang='lat' dir='ltr'><em>Senecae</em></span> <span class='ocrx_word' id='word_1_76' title='bbox 1066 1202 1143 1261; x_wconf 91' lang='lat' dir='ltr'><em>liber</em></span> <span class='ocrx_word' id='word_1_77' title='bbox 1165 1205 1221 1275; x_wconf 88' lang='grc' dir='ltr'><em>ΠΙ,</em></span> 
     </span>
    </p>
   </div>
   <div class='ocr_carea' id='block_1_5' title="bbox 142 1303 1222 2024">
    <p class='ocr_par' dir='ltr' id='par_1_5' title="bbox 142 1303 1222 2024">
     <span class='ocr_line' id='line_1_10' title="bbox 147 1303 1222 1383; baseline 0.001 -21"><span class='ocrx_word' id='word_1_78' title='bbox 147 1304 198 1383; x_wconf 92' lang='lat' dir='ltr'><em>qui</em></span> <span class='ocrx_word' id='word_1_79' title='bbox 223 1324 287 1363; x_wconf 90' lang='lat' dir='ltr'><em>oum</em></span> <span class='ocrx_word' id='word_1_80' title='bbox 303 1303 525 1381; x_wconf 69' lang='lat' dir='ltr'><em>Theophra-stau</em></span> <span class='ocrx_word' id='word_1_81' title='bbox 547 1307 644 1364; x_wconf 91' lang='lat' dir='ltr'><em>minus</em></span> <span class='ocrx_word' id='word_1_82' title='bbox 666 1309 801 1365; x_wconf 89' lang='lat' dir='ltr'><em>accurate</em></span> <span class='ocrx_word' id='word_1_83' title='bbox 823 1306 968 1378; x_wconf 87' lang='lat' dir='ltr'><em>redderet,</em></span> <span class='ocrx_word' id='word_1_84' title='bbox 991 1325 1052 1363; x_wconf 91' lang='lat' dir='ltr'><em>non</em></span> <span class='ocrx_word' id='word_1_85' title='bbox 1074 1325 1112 1363; x_wconf 88' lang='lat' dir='ltr'><em>cx</em></span> <span class='ocrx_word' id='word_1_86' title='bbox 1128 1305 1222 1365; x_wconf 90' lang='lat' dir='ltr'><em>Theo-</em></span> 
     </span>
     <span class='ocr_line' id='line_1_11' title="bbox 146 1407 1221 1486; baseline 0.002 -20"><span class='ocrx_word' id='word_1_87' title='bbox 146 1410 267 1484; x_wconf 88' lang='lat' dir='ltr'><em>phrasto</em></span> <span class='ocrx_word' id='word_1_88' title='bbox 290 1409 354 1484; x_wconf 90' lang='lat' dir='ltr'><em>ipso</em></span> <span class='ocrx_word' id='word_1_89' title='bbox 378 1409 428 1468; x_wconf 89' lang='lat' dir='ltr'><em>sed</em></span> <span class='ocrx_word' id='word_1_90' title='bbox 452 1429 491 1466; x_wconf 88' lang='lat' dir='ltr'><em>ex</em></span> <span class='ocrx_word' id='word_1_91' title='bbox 513 1408 571 1468; x_wconf 89' lang='lat' dir='ltr'><em>alio</em></span> <span class='ocrx_word' id='word_1_92' title='bbox 595 1413 722 1481; x_wconf 90' lang='lat' dir='ltr'><em>auctore,</em></span> <span class='ocrx_word' id='word_1_93' title='bbox 747 1408 796 1486; x_wconf 93' lang='lat' dir='ltr'><em>qui</em></span> <span class='ocrx_word' id='word_1_94' title='bbox 820 1407 904 1466; x_wconf 92' lang='lat' dir='ltr'><em>illum</em></span> <span class='ocrx_word' id='word_1_95' title='bbox 926 1407 1067 1481; x_wconf 86' lang='lat' dir='ltr'><em>laudavit,</em></span> <span class='ocrx_word' id='word_1_96' title='bbox 1091 1429 1143 1469; x_wconf 89' lang='lat' dir='ltr'><em>sua</em></span> <span class='ocrx_word' id='word_1_97' title='bbox 1165 1409 1221 1469; x_wconf 92' lang='lat' dir='ltr'><em>sibi</em></span> 
     </span>
     <span class='ocr_line' id='line_1_12' title="bbox 146 1512 1221 1591; baseline 0 -19"><span class='ocrx_word' id='word_1_98' title='bbox 146 1515 281 1591; x_wconf 83' lang='lat' dir='ltr'><em>sumpsit.</em></span> <span class='ocrx_word' id='word_1_99' title='bbox 325 1515 458 1585; x_wconf 27' lang='lat' dir='ltr'><em>Necesse·</em></span> <span class='ocrx_word' id='word_1_100' title='bbox 484 1519 581 1575; x_wconf 90' lang='lat' dir='ltr'><em>autem</em></span> <span class='ocrx_word' id='word_1_101' title='bbox 613 1519 659 1573; x_wconf 90' lang='lat' dir='ltr'><em>est</em></span> <span class='ocrx_word' id='word_1_102' title='bbox 689 1513 867 1573; x_wconf 82' lang='lat' dir='ltr'><strong>coniciamus</strong></span> <span class='ocrx_word' id='word_1_103' title='bbox 896 1513 929 1571; x_wconf 93' lang='lat' dir='ltr'><em>in</em></span> <span class='ocrx_word' id='word_1_104' title='bbox 950 1533 1010 1572; x_wconf 88' lang='lat' dir='ltr'><em>uno</em></span> <span class='ocrx_word' id='word_1_105' title='bbox 1032 1512 1109 1572; x_wconf 92' lang='lat' dir='ltr'><em>libro</em></span> <span class='ocrx_word' id='word_1_106' title='bbox 1132 1513 1221 1572; x_wconf 90' lang='lat' dir='ltr'><em>Sene-</em></span> 
     </span>
     <span class='ocr_line' id='line_1_13' title="bbox 146 1615 1221 1695; baseline 0 -19"><span class='ocrx_word' id='word_1_107' title='bbox 146 1637 217 1690; x_wconf 89' lang='lat' dir='ltr'><em>cam,</em></span> <span class='ocrx_word' id='word_1_108' title='bbox 242 1637 318 1695; x_wconf 90' lang='lat' dir='ltr'><em>quae</em></span> <span class='ocrx_word' id='word_1_109' title='bbox 340 1617 431 1676; x_wconf 90' lang='lat' dir='ltr'><strong>Plinii</strong></span> <span class='ocrx_word' id='word_1_110' title='bbox 455 1618 532 1677; x_wconf 92' lang='lat' dir='ltr'><em>libro</em></span> <span class='ocrx_word' id='word_1_111' title='bbox 549 1619 583 1677; x_wconf 90' lang='lat' dir='ltr'><strong>H</strong></span> <span class='ocrx_word' id='word_1_112' title='bbox 605 1622 636 1676; x_wconf 88' lang='lat' dir='ltr'><em>ot</em></span> <span class='ocrx_word' id='word_1_113' title='bbox 651 1616 763 1676; x_wconf 82' lang='lat' dir='ltr'>XXXI</span> <span class='ocrx_word' id='word_1_114' title='bbox 785 1617 893 1676; x_wconf 90' lang='lat' dir='ltr'><em>similia</em></span> <span class='ocrx_word' id='word_1_115' title='bbox 915 1621 994 1689; x_wconf 89' lang='lat' dir='ltr'><em>sunt,</em></span> <span class='ocrx_word' id='word_1_116' title='bbox 1015 1615 1167 1676; x_wconf 88' lang='lat' dir='ltr'><em>invenisse</em></span> <span class='ocrx_word' id='word_1_117' title='bbox 1190 1624 1221 1676; x_wconf 88' lang='lat' dir='ltr'><em>et</em></span> 
     </span>
     <span class='ocr_line' id='line_1_14' title="bbox 144 1719 1220 1797; baseline -0.001 -19"><span class='ocrx_word' id='word_1_118' title='bbox 144 1720 234 1780; x_wconf 90' lang='lat' dir='ltr'><em>huius</em></span> <span class='ocrx_word' id='word_1_119' title='bbox 256 1724 406 1780; x_wconf 87' lang='lat' dir='ltr'><em>auctorem</em></span> <span class='ocrx_word' id='word_1_120' title='bbox 429 1721 499 1780; x_wconf 87' lang='lat' dir='ltr'><strong>libri</strong></span> <span class='ocrx_word' id='word_1_121' title='bbox 515 1722 548 1779; x_wconf 89' lang='lat'><em>11</em></span> <span class='ocrx_word' id='word_1_122' title='bbox 570 1720 793 1797; x_wconf 85' lang='lat' dir='ltr'><em>Theophrastec</em></span> <span class='ocrx_word' id='word_1_123' title='bbox 815 1740 876 1778; x_wconf 92' lang='lat' dir='ltr'><em>non</em></span> <span class='ocrx_word' id='word_1_124' title='bbox 899 1720 1041 1781; x_wconf 87' lang='lat' dir='ltr'><em>attulisse.</em></span> <span class='ocrx_word' id='word_1_125' title='bbox 1088 1719 1133 1779; x_wconf 92' lang='lat' dir='ltr'><em>Ob</em></span> <span class='ocrx_word' id='word_1_126' title='bbox 1156 1739 1220 1778; x_wconf 92' lang='lat' dir='ltr'><em>eam</em></span> 
     </span>
     <span class='ocr_line' id='line_1_15' title="bbox 142 1823 1219 1902; baseline 0 -21"><span class='ocrx_word' id='word_1_127' title='bbox 142 1842 205 1881; x_wconf 89' lang='lat' dir='ltr'><em>rem</em></span> <span class='ocrx_word' id='word_1_128' title='bbox 228 1824 260 1882; x_wconf 92' lang='lat' dir='ltr'><em>iu</em></span> <span class='ocrx_word' id='word_1_129' title='bbox 283 1824 454 1883; x_wconf 86' lang='lat' dir='ltr'><em>narratione</em></span> <span class='ocrx_word' id='word_1_130' title='bbox 470 1825 506 1882; x_wconf 91' lang='lat' dir='ltr'><em>de</em></span> <span class='ocrx_word' id='word_1_131' title='bbox 521 1824 634 1902; x_wconf 87' lang='lat' dir='ltr'><em>Lydiae</em></span> <span class='ocrx_word' id='word_1_132' title='bbox 651 1823 757 1882; x_wconf 89' lang='lat' dir='ltr'><em>insulis</em></span> <span class='ocrx_word' id='word_1_133' title='bbox 772 1823 969 1899; x_wconf 85' lang='lat' dir='ltr'><em>Theophrasti</em></span> <span class='ocrx_word' id='word_1_134' title='bbox 985 1823 1127 1882; x_wconf 87' lang='lat' dir='ltr'><em>memoria</em></span> <span class='ocrx_word' id='word_1_135' title='bbox 1141 1823 1219 1899; x_wconf 84' lang='lat' dir='ltr'><em>apud</em></span> 
     </span>
     <span class='ocr_line' id='line_1_16' title="bbox 144 1925 1218 2024; baseline 0.002 -42"><span class='ocrx_word' id='word_1_136' title='bbox 144 1925 287 1984; x_wconf 83' lang='lat' dir='ltr'><em>Senecam</em></span> <span class='ocrx_word' id='word_1_137' title='bbox 310 1946 334 1985; x_wconf 93' lang='lat' dir='ltr'><em>c.</em></span> <span class='ocrx_word' id='word_1_138' title='bbox 352 1932 408 1999; x_wconf 83' lang='grc'><em>25,</em></span> <span class='ocrx_word' id='word_1_139' title='bbox 426 1932 445 2024; x_wconf 57' lang='grc' dir='ltr'><strong>ρ</strong></span> <span class='ocrx_word' id='word_1_140' title='bbox 469 1927 694 2005; x_wconf 77' lang='lat' dir='ltr'><em>(Theophrastus</em></span> <span class='ocrx_word' id='word_1_141' title='bbox 716 1937 759 1983; x_wconf 84' lang='lat' dir='ltr'><em>est</em></span> <span class='ocrx_word' id='word_1_142' title='bbox 780 1925 893 2003; x_wconf 85' lang='lat' dir='ltr'><em>auctor)</em></span> <span class='ocrx_word' id='word_1_143' title='bbox 916 1925 1041 1984; x_wconf 89' lang='lat' dir='ltr'><em>delenda</em></span> <span class='ocrx_word' id='word_1_144' title='bbox 1063 1930 1120 1997; x_wconf 89' lang='lat' dir='ltr'><em>est,</em></span> <span class='ocrx_word' id='word_1_145' title='bbox 1153 1945 1218 1985; x_wconf 91' lang='lat' dir='ltr'><em>cum</em></span> 
     </span>
    </p>
   </div>
   <div class='ocr_carea' id='block_1_6' title="bbox 138 2028 1218 3749">
    <p class='ocr_par' dir='ltr' id='par_1_6' title="bbox 141 2028 1218 2807">
     <span class='ocr_line' id='line_1_17' title="bbox 144 2028 1218 2108; baseline 0.002 -22"><span class='ocrx_word' id='word_1_146' title='bbox 144 2047 196 2086; x_wconf 88' lang='lat' dir='ltr'><em>eae</em></span> <span class='ocrx_word' id='word_1_147' title='bbox 220 2029 298 2105; x_wconf 91' lang='lat' dir='ltr'><em>apud</em></span> <span class='ocrx_word' id='word_1_148' title='bbox 321 2029 451 2088; x_wconf 90' lang='lat' dir='ltr'><strong>Plinium</strong></span> <span class='ocrx_word' id='word_1_149' title='bbox 476 2028 569 2107; x_wconf 78' lang='lat'><strong>§229</strong></span> <span class='ocrx_word' id='word_1_150' title='bbox 593 2029 662 2088; x_wconf 91' lang='lat' dir='ltr'><em>libri</em></span> <span class='ocrx_word' id='word_1_151' title='bbox 684 2029 718 2087; x_wconf 88' lang='lat' dir='ltr'><strong>H</strong></span> <span class='ocrx_word' id='word_1_152' title='bbox 747 2034 1028 2101; x_wconf 88' lang='lat' dir='ltr'><em>commemorentur,</em></span> <span class='ocrx_word' id='word_1_153' title='bbox 1060 2029 1218 2108; x_wconf 87' lang='lat' dir='ltr'><em>quodiam</em></span> 
     </span>
     <span class='ocr_line' id='line_1_18' title="bbox 142 2130 1217 2210; baseline 0.001 -20"><span class='ocrx_word' id='word_1_154' title='bbox 142 2130 333 2208; x_wconf 85' lang='lat' dir='ltr'><em>Ruhkopfius</em></span> <span class='ocrx_word' id='word_1_155' title='bbox 351 2131 456 2205; x_wconf 85' lang='lat' dir='ltr'><em>voluit,</em></span> <span class='ocrx_word' id='word_1_156' title='bbox 480 2131 579 2192; x_wconf 90' lang='lat' dir='ltr'><em>nescio</em></span> <span class='ocrx_word' id='word_1_157' title='bbox 603 2150 661 2210; x_wconf 88' lang='lat' dir='ltr'><em>qua</em></span> <span class='ocrx_word' id='word_1_158' title='bbox 684 2133 720 2190; x_wconf 92' lang='lat' dir='ltr'><em>de</em></span> <span class='ocrx_word' id='word_1_159' title='bbox 743 2150 838 2191; x_wconf 89' lang='lat' dir='ltr'><em>causa.</em></span> <span class='ocrx_word' id='word_1_160' title='bbox 883 2130 993 2210; x_wconf 88' lang='lat' dir='ltr'><em>Utique</em></span> <span class='ocrx_word' id='word_1_161' title='bbox 1009 2131 1116 2190; x_wconf 92' lang='lat' dir='ltr'><em>mirum</em></span> <span class='ocrx_word' id='word_1_162' title='bbox 1132 2137 1217 2206; x_wconf 87' lang='lat' dir='ltr'><em>essct,</em></span> 
     </span>
     <span class='ocr_line' id='line_1_19' title="bbox 143 2233 1218 2314; baseline 0.001 -23"><span class='ocrx_word' id='word_1_163' title='bbox 143 2233 200 2292; x_wconf 89' lang='lat' dir='ltr'><em>nisi</em></span> <span class='ocrx_word' id='word_1_164' title='bbox 221 2233 388 2313; x_wconf 87' lang='lat' dir='ltr'><em>quicquam,</em></span> <span class='ocrx_word' id='word_1_165' title='bbox 412 2236 489 2314; x_wconf 93' lang='lat' dir='ltr'><em>quod</em></span> <span class='ocrx_word' id='word_1_166' title='bbox 513 2235 572 2293; x_wconf 90' lang='lat' dir='ltr'><em>iam</em></span> <span class='ocrx_word' id='word_1_167' title='bbox 594 2234 815 2310; x_wconf 85' lang='lat' dir='ltr'><em>Theophrastus</em></span> <span class='ocrx_word' id='word_1_168' title='bbox 838 2234 994 2307; x_wconf 89' lang='lat' dir='ltr'><em>docuisset,</em></span> <span class='ocrx_word' id='word_1_169' title='bbox 1016 2234 1048 2292; x_wconf 92' lang='lat' dir='ltr'><em>in</em></span> <span class='ocrx_word' id='word_1_170' title='bbox 1071 2233 1160 2293; x_wconf 89' lang='lat' dir='ltr'><strong>Plinii</strong></span> <span class='ocrx_word' id='word_1_171' title='bbox 1182 2235 1218 2292; x_wconf 94' lang='lat' dir='ltr'><em>li-</em></span> 
     </span>
     <span class='ocr_line' id='line_1_20' title="bbox 142 2335 1216 2416; baseline 0.003 -23"><span class='ocrx_word' id='word_1_172' title='bbox 142 2336 196 2393; x_wconf 90' lang='lat' dir='ltr'><em>bro</em></span> <span class='ocrx_word' id='word_1_173' title='bbox 212 2335 245 2393; x_wconf 89' lang='lat'><em>11</em></span> <span class='ocrx_word' id='word_1_174' title='bbox 267 2335 462 2409; x_wconf 86' lang='lat' dir='ltr'><em>inveniretur,</em></span> <span class='ocrx_word' id='word_1_175' title='bbox 486 2338 557 2415; x_wconf 90' lang='lat' dir='ltr'><em>quia</em></span> <span class='ocrx_word' id='word_1_176' title='bbox 572 2339 903 2414; x_wconf 84' lang='lat' dir='ltr'><em>paradoxographorum</em></span> <span class='ocrx_word' id='word_1_177' title='bbox 918 2337 1123 2416; x_wconf 89' lang='lat' dir='ltr'><em>unusquisque</em></span> <span class='ocrx_word' id='word_1_178' title='bbox 1139 2337 1216 2413; x_wconf 90' lang='lat' dir='ltr'><em>prio-</em></span> 
     </span>
     <span class='ocr_line' id='line_1_21' title="bbox 142 2438 1215 2519; baseline 0.005 -24"><span class='ocrx_word' id='word_1_179' title='bbox 142 2457 207 2495; x_wconf 91' lang='lat' dir='ltr'><em>rum</em></span> <span class='ocrx_word' id='word_1_180' title='bbox 230 2438 414 2497; x_wconf 86' lang='lat' dir='ltr'><em>narrationes</em></span> <span class='ocrx_word' id='word_1_181' title='bbox 437 2443 470 2498; x_wconf 90' lang='lat' dir='ltr'><em>ut</em></span> <span class='ocrx_word' id='word_1_182' title='bbox 491 2449 558 2498; x_wconf 81' lang='lat' dir='ltr'><em>suas</em></span> <span class='ocrx_word' id='word_1_183' title='bbox 580 2439 637 2498; x_wconf 83' lang='lat' dir='ltr'><em>sibi</em></span> <span class='ocrx_word' id='word_1_184' title='bbox 660 2439 831 2499; x_wconf 89' lang='lat' dir='ltr'><em>vindicabat</em></span> <span class='ocrx_word' id='word_1_185' title='bbox 854 2444 893 2513; x_wconf 88' lang='lat' dir='ltr'><em>et,</em></span> <span class='ocrx_word' id='word_1_186' title='bbox 916 2442 1019 2499; x_wconf 90' lang='lat' dir='ltr'><em>auctor</em></span> <span class='ocrx_word' id='word_1_187' title='bbox 1041 2439 1108 2519; x_wconf 90' lang='lat' dir='ltr'><em>quis</em></span> <span class='ocrx_word' id='word_1_188' title='bbox 1129 2446 1215 2514; x_wconf 88' lang='lat' dir='ltr'><em>esset,</em></span> 
     </span>
     <span class='ocr_line' id='line_1_22' title="bbox 143 2541 1215 2618; baseline 0.001 -18"><span class='ocrx_word' id='word_1_189' title='bbox 143 2541 264 2600; x_wconf 86' lang='lat' dir='ltr'><em>celabat.</em></span> <span class='ocrx_word' id='word_1_190' title='bbox 309 2541 445 2601; x_wconf 85' lang='lat' dir='ltr'><em>Profecto</em></span> <span class='ocrx_word' id='word_1_191' title='bbox 470 2541 692 2602; x_wconf 89' lang='lat' dir='ltr'><em>narratiuncula</em></span> <span class='ocrx_word' id='word_1_192' title='bbox 706 2544 742 2601; x_wconf 92' lang='lat' dir='ltr'><em>de</em></span> <span class='ocrx_word' id='word_1_193' title='bbox 757 2543 841 2602; x_wconf 85' lang='lat' dir='ltr'><em>fonte</em></span> <span class='ocrx_word' id='word_1_194' title='bbox 856 2542 889 2601; x_wconf 92' lang='lat' dir='ltr'><em>in</em></span> <span class='ocrx_word' id='word_1_195' title='bbox 905 2542 1109 2618; x_wconf 87' lang='lat' dir='ltr'><em>Paphlagonia</em></span> <span class='ocrx_word' id='word_1_196' title='bbox 1123 2544 1215 2602; x_wconf 93' lang='lat' dir='ltr'><strong>Plinii</strong></span> 
     </span>
     <span class='ocr_line' id='line_1_23' title="bbox 141 2641 1214 2720; baseline 0.006 -20"><span class='ocrx_word' id='word_1_197' title='bbox 141 2641 194 2719; x_wconf 87' lang='lat'><em>(11,</em></span> <span class='ocrx_word' id='word_1_198' title='bbox 204 2644 278 2720; x_wconf 89' lang='grc'>230)</span> <span class='ocrx_word' id='word_1_199' title='bbox 293 2644 498 2720; x_wconf 83' lang='lat' dir='ltr'><em>Theophrasto</em></span> <span class='ocrx_word' id='word_1_200' title='bbox 511 2646 643 2718; x_wconf 86' lang='lat' dir='ltr'><em>debetur,</em></span> <span class='ocrx_word' id='word_1_201' title='bbox 660 2646 711 2706; x_wconf 90' lang='lat' dir='ltr'><em>sed</em></span> <span class='ocrx_word' id='word_1_202' title='bbox 724 2665 831 2705; x_wconf 91' lang='lat' dir='ltr'><em>nomen</em></span> <span class='ocrx_word' id='word_1_203' title='bbox 847 2646 935 2704; x_wconf 85' lang='lat' dir='ltr'><em>huius</em></span> <span class='ocrx_word' id='word_1_204' title='bbox 950 2645 987 2704; x_wconf 89' lang='lat' dir='ltr'><em>ab</em></span> <span class='ocrx_word' id='word_1_205' title='bbox 1002 2644 1083 2705; x_wconf 92' lang='lat' dir='ltr'><em>illius</em></span> <span class='ocrx_word' id='word_1_206' title='bbox 1094 2651 1214 2706; x_wconf 89' lang='lat' dir='ltr'><em>auctore</em></span> 
     </span>
     <span class='ocr_line' id='line_1_24' title="bbox 142 2746 422 2807; baseline 0.018 -5"><span class='ocrx_word' id='word_1_207' title='bbox 142 2746 261 2806; x_wconf 87' lang='lat' dir='ltr'><em>allatum</em></span> <span class='ocrx_word' id='word_1_208' title='bbox 286 2764 355 2806; x_wconf 85' lang='lat' dir='ltr'><em>non·</em></span> <span class='ocrx_word' id='word_1_209' title='bbox 369 2753 422 2807; x_wconf 90' lang='lat' dir='ltr'><em>est.</em></span> 
     </span>
    </p>

    <p class='ocr_par' dir='ltr' id='par_1_7' title="bbox 138 2849 1214 3749">
     <span class='ocr_line' id='line_1_25' title="bbox 227 2849 1214 2913; baseline -0.001 0"><span class='ocrx_word' id='word_1_210' title='bbox 227 2849 286 2913; x_wconf 77' lang='lat' dir='ltr'><em>Qui</em></span> <span class='ocrx_word' id='word_1_211' title='bbox 308 2855 406 2909; x_wconf 88' lang='lat' dir='ltr'><em>autem</em></span> <span class='ocrx_word' id='word_1_212' title='bbox 427 2850 526 2911; x_wconf 85' lang='lat' dir='ltr'><em>fontes</em></span> <span class='ocrx_word' id='word_1_213' title='bbox 554 2855 623 2912; x_wconf 91' lang='lat' dir='ltr'><em>sunt</em></span> <span class='ocrx_word' id='word_1_214' title='bbox 645 2850 774 2912; x_wconf 84' lang='lat' dir='ltr'><em>Senecae</em></span> <span class='ocrx_word' id='word_1_215' title='bbox 801 2855 831 2910; x_wconf 91' lang='lat' dir='ltr'><em>et</em></span> <span class='ocrx_word' id='word_1_216' title='bbox 853 2851 943 2910; x_wconf 92' lang='lat' dir='ltr'><strong>Plinii</strong></span> <span class='ocrx_word' id='word_1_217' title='bbox 974 2856 1004 2911; x_wconf 89' lang='lat' dir='ltr'><em>ct</em></span> <span class='ocrx_word' id='word_1_218' title='bbox 1031 2852 1110 2911; x_wconf 93' lang='lat' dir='ltr'><em>unde</em></span> <span class='ocrx_word' id='word_1_219' title='bbox 1139 2854 1214 2912; x_wconf 90' lang='lat' dir='ltr'><em>deri·</em></span> 
     </span>
     <span class='ocr_line' id='line_1_26' title="bbox 140 2951 1214 3035; baseline 0.004 -24"><span class='ocrx_word' id='word_1_220' title='bbox 140 2953 203 3011; x_wconf 84' lang='lat' dir='ltr'><em>vati</em></span> <span class='ocrx_word' id='word_1_221' title='bbox 236 2951 323 3013; x_wconf 87' lang='lat' dir='ltr'><em>sunt?</em></span> <span class='ocrx_word' id='word_1_222' title='bbox 365 2952 406 3012; x_wconf 88' lang='lat' dir='ltr'><em>Ut</em></span> <span class='ocrx_word' id='word_1_223' title='bbox 434 2954 491 3012; x_wconf 92' lang='lat' dir='ltr'><em>hoc</em></span> <span class='ocrx_word' id='word_1_224' title='bbox 521 2953 748 3030; x_wconf 88' lang='lat' dir='ltr'><em>perspiciamus,</em></span> <span class='ocrx_word' id='word_1_225' title='bbox 778 2954 930 3013; x_wconf 86' lang='lat' dir='ltr'><em>videamus</em></span> <span class='ocrx_word' id='word_1_226' title='bbox 961 2955 1032 3035; x_wconf 93' lang='lat' dir='ltr'><em>quid</em></span> <span class='ocrx_word' id='word_1_227' title='bbox 1064 2955 1095 3013; x_wconf 90' lang='lat' dir='ltr'><em>in</em></span> <span class='ocrx_word' id='word_1_228' title='bbox 1125 2956 1214 3015; x_wconf 85' lang='lat' dir='ltr'><em>huius</em></span> 
     </span>
     <span class='ocr_line' id='line_1_27' title="bbox 140 3053 1213 3133; baseline 0.004 -21"><span class='ocrx_word' id='word_1_229' title='bbox 140 3053 216 3113; x_wconf 92' lang='lat' dir='ltr'><em>libro</em></span> <span class='ocrx_word' id='word_1_230' title='bbox 239 3055 350 3113; x_wconf 90' lang='lat' dir='ltr'>XXXI</span> <span class='ocrx_word' id='word_1_231' title='bbox 378 3055 582 3132; x_wconf 88' lang='lat' dir='ltr'><em>Theophrasto</em></span> <span class='ocrx_word' id='word_1_232' title='bbox 613 3057 740 3118; x_wconf 90' lang='lat' dir='ltr'><em>adscribi</em></span> <span class='ocrx_word' id='word_1_233' title='bbox 767 3057 865 3116; x_wconf 90' lang='lat' dir='ltr'><em>liceat.</em></span> <span class='ocrx_word' id='word_1_234' title='bbox 908 3057 1129 3133; x_wconf 88' lang='lat' dir='ltr'><em>Theophrastus</em></span> <span class='ocrx_word' id='word_1_235' title='bbox 1151 3059 1213 3117; x_wconf 90' lang='lat' dir='ltr'><em>lau-</em></span> 
     </span>
     <span class='ocr_line' id='line_1_28' title="bbox 141 3157 1212 3236; baseline 0.006 -22"><span class='ocrx_word' id='word_1_236' title='bbox 141 3157 228 3217; x_wconf 89' lang='lat' dir='ltr'><em>datur</em></span> <span class='ocrx_word' id='word_1_237' title='bbox 255 3158 287 3216; x_wconf 91' lang='lat' dir='ltr'><em>in</em></span> <span class='ocrx_word' id='word_1_238' title='bbox 309 3158 399 3216; x_wconf 88' lang='lat' dir='ltr'><em>rebus</em></span> <span class='ocrx_word' id='word_1_239' title='bbox 432 3158 617 3220; x_wconf 90' lang='lat' dir='ltr'><em>mirabilibus</em></span> <span class='ocrx_word' id='word_1_240' title='bbox 646 3160 682 3217; x_wconf 89' lang='lat' dir='ltr'><em>de</em></span> <span class='ocrx_word' id='word_1_241' title='bbox 710 3159 826 3232; x_wconf 77' lang='lat' dir='ltr'><em>Crathi,</em></span> <span class='ocrx_word' id='word_1_242' title='bbox 857 3157 977 3236; x_wconf 86' lang='lat' dir='ltr'><em>Sybari,</em></span> <span class='ocrx_word' id='word_1_243' title='bbox 1010 3159 1212 3234; x_wconf 84' lang='lat' dir='ltr'><em>Haliacmona,</em></span> 
     </span>
     <span class='ocr_line' id='line_1_29' title="bbox 138 3260 1213 3341; baseline 0.006 -24"><span class='ocrx_word' id='word_1_244' title='bbox 138 3260 229 3334; x_wconf 83' lang='lat' dir='ltr'><em>Axio,</em></span> <span class='ocrx_word' id='word_1_245' title='bbox 251 3261 287 3318; x_wconf 93' lang='lat' dir='ltr'><em>de</em></span> <span class='ocrx_word' id='word_1_246' title='bbox 309 3260 393 3320; x_wconf 84' lang='lat' dir='ltr'><em>fonte</em></span> <span class='ocrx_word' id='word_1_247' title='bbox 415 3261 447 3318; x_wconf 89' lang='lat' dir='ltr'><em>in</em></span> <span class='ocrx_word' id='word_1_248' title='bbox 469 3263 634 3339; x_wconf 85' lang='lat' dir='ltr'><em>Messapiis,</em></span> <span class='ocrx_word' id='word_1_249' title='bbox 657 3263 688 3321; x_wconf 93' lang='lat' dir='ltr'><em>in</em></span> <span class='ocrx_word' id='word_1_250' title='bbox 711 3263 798 3323; x_wconf 91' lang='lat' dir='ltr'><em>Lusis</em></span> <span class='ocrx_word' id='word_1_251' title='bbox 821 3263 963 3322; x_wconf 81' lang='lat' dir='ltr'><em>Arcadiae</em></span> <span class='ocrx_word' id='word_1_252' title='bbox 987 3262 1078 3341; x_wconf 68' lang='lat'>(513,</span> <span class='ocrx_word' id='word_1_253' title='bbox 1094 3263 1154 3339; x_wconf 83' lang='lat'><em>14),</em></span> <span class='ocrx_word' id='word_1_254' title='bbox 1177 3265 1213 3324; x_wconf 88' lang='lat' dir='ltr'><em>dc</em></span> 
     </span>
     <span class='ocr_line' id='line_1_30' title="bbox 139 3363 1211 3446; baseline 0.002 -24"><span class='ocrx_word' id='word_1_255' title='bbox 139 3365 222 3424; x_wconf 85' lang='lat' dir='ltr'><em>fonte</em></span> <span class='ocrx_word' id='word_1_256' title='bbox 250 3364 335 3424; x_wconf 86' lang='lat' dir='ltr'><em>iuxta</em></span> <span class='ocrx_word' id='word_1_257' title='bbox 358 3363 443 3423; x_wconf 88' lang='lat' dir='ltr'><em>Solos</em></span> <span class='ocrx_word' id='word_1_258' title='bbox 466 3364 585 3424; x_wconf 86' lang='lat' dir='ltr'><em>Ciliciae</em></span> <span class='ocrx_word' id='word_1_259' title='bbox 615 3366 671 3426; x_wconf 89' lang='lat' dir='ltr'><em>sito</em></span> <span class='ocrx_word' id='word_1_260' title='bbox 700 3364 729 3443; x_wconf 65' lang='grc' dir='ltr'><em>(ξ</em></span> <span class='ocrx_word' id='word_1_261' title='bbox 754 3364 814 3442; x_wconf 86' lang='grc'>17),</span> <span class='ocrx_word' id='word_1_262' title='bbox 845 3366 880 3425; x_wconf 91' lang='lat' dir='ltr'><em>de</em></span> <span class='ocrx_word' id='word_1_263' title='bbox 910 3367 1045 3446; x_wconf 87' lang='lat' dir='ltr'><em>Marsyae</em></span> <span class='ocrx_word' id='word_1_264' title='bbox 1074 3385 1151 3445; x_wconf 88' lang='lat' dir='ltr'><em>aqua</em></span> <span class='ocrx_word' id='word_1_265' title='bbox 1179 3367 1211 3424; x_wconf 93' lang='lat' dir='ltr'><em>in</em></span> 
     </span>
     <span class='ocr_line' id='line_1_31' title="bbox 140 3465 1210 3548; baseline 0.005 -26"><span class='ocrx_word' id='word_1_266' title='bbox 140 3465 271 3544; x_wconf 86' lang='lat' dir='ltr'><em>Phrygia</em></span> <span class='ocrx_word' id='word_1_267' title='bbox 286 3466 315 3545; x_wconf 65' lang='grc' dir='ltr'><em>(ἓ</em></span> <span class='ocrx_word' id='word_1_268' title='bbox 334 3467 393 3545; x_wconf 88' lang='grc'>19),</span> <span class='ocrx_word' id='word_1_269' title='bbox 417 3468 453 3526; x_wconf 87' lang='lat' dir='ltr'><em>dc</em></span> <span class='ocrx_word' id='word_1_270' title='bbox 469 3467 613 3528; x_wconf 83' lang='lat' dir='ltr'><em>Arcadiae</em></span> <span class='ocrx_word' id='word_1_271' title='bbox 629 3469 750 3528; x_wconf 90' lang='lat' dir='ltr'><em>Pheneo</em></span> <span class='ocrx_word' id='word_1_272' title='bbox 767 3468 797 3547; x_wconf 67' lang='lat'><em>(5</em></span> <span class='ocrx_word' id='word_1_273' title='bbox 808 3469 870 3547; x_wconf 88' lang='grc'>26),</span> <span class='ocrx_word' id='word_1_274' title='bbox 893 3475 1046 3546; x_wconf 88' lang='lat' dir='ltr'><em>praeterea</em></span> <span class='ocrx_word' id='word_1_275' title='bbox 1060 3470 1092 3528; x_wconf 94' lang='lat' dir='ltr'><em>in</em></span> <span class='ocrx_word' id='word_1_276' title='bbox 1108 3468 1143 3548; x_wconf 62' lang='grc' dir='ltr'><em>ἓξ</em></span> <span class='ocrx_word' id='word_1_277' title='bbox 1162 3475 1210 3544; x_wconf 83' lang='grc'><em>83,</em></span> 
     </span>
     <span class='ocr_line' id='line_1_32' title="bbox 142 3569 1210 3652; baseline 0.006 -28"><span class='ocrx_word' id='word_1_278' title='bbox 142 3572 211 3627; x_wconf 86' lang='lat'><strong>106.</strong></span> <span class='ocrx_word' id='word_1_279' title='bbox 254 3570 311 3628; x_wconf 88' lang='lat' dir='ltr'><em>Sed</em></span> <span class='ocrx_word' id='word_1_280' title='bbox 333 3571 423 3630; x_wconf 90' lang='lat' dir='ltr'><em>etiam</em></span> <span class='ocrx_word' id='word_1_281' title='bbox 445 3569 503 3628; x_wconf 86' lang='lat' dir='ltr'><em>aha</em></span> <span class='ocrx_word' id='word_1_282' title='bbox 525 3570 588 3629; x_wconf 90' lang='lat' dir='ltr'><em>erui</em></span> <span class='ocrx_word' id='word_1_283' title='bbox 610 3575 743 3647; x_wconf 87' lang='lat' dir='ltr'><em>possunt,</em></span> <span class='ocrx_word' id='word_1_284' title='bbox 767 3591 843 3652; x_wconf 93' lang='lat' dir='ltr'><em>quae</em></span> <span class='ocrx_word' id='word_1_285' title='bbox 859 3591 926 3630; x_wconf 92' lang='lat' dir='ltr'><em>eum</em></span> <span class='ocrx_word' id='word_1_286' title='bbox 942 3573 1075 3631; x_wconf 90' lang='lat' dir='ltr'><em>docuisse</em></span> <span class='ocrx_word' id='word_1_287' title='bbox 1090 3591 1210 3632; x_wconf 89' lang='lat' dir='ltr'><em>necesse</em></span> 
     </span>
     <span class='ocr_line' id='line_1_33' title="bbox 138 3673 1149 3749; baseline 0.005 -21"><span class='ocrx_word' id='word_1_288' title='bbox 138 3676 191 3742; x_wconf 86' lang='lat' dir='ltr'><em>est,</em></span> <span class='ocrx_word' id='word_1_289' title='bbox 215 3689 254 3728; x_wconf 86' lang='lat' dir='ltr'><em>ex</em></span> <span class='ocrx_word' id='word_1_290' title='bbox 274 3673 448 3748; x_wconf 83' lang='lat' dir='ltr'><em>fragmentis</em></span> <span class='ocrx_word' id='word_1_291' title='bbox 470 3673 548 3749; x_wconf 92' lang='lat' dir='ltr'><em>apud</em></span> <span class='ocrx_word' id='word_1_292' title='bbox 571 3674 758 3733; x_wconf 81' lang='lat' dir='ltr'><em>Athenaeum</em></span> <span class='ocrx_word' id='word_1_293' title='bbox 781 3677 914 3736; x_wconf 86' lang='lat' dir='ltr'><em>servatis.</em></span> <span class='ocrx_word' id='word_1_294' title='bbox 960 3676 1043 3735; x_wconf 89' lang='lat' dir='ltr'><em>Haec</em></span> <span class='ocrx_word' id='word_1_295' title='bbox 1066 3679 1149 3736; x_wconf 91' lang='lat' dir='ltr'><em>sunt:</em></span> 
     </span>
    </p>
   </div>
   <div class='ocr_carea' id='block_1_7' title="bbox 135 3857 1211 4183">
    <p class='ocr_par' dir='ltr' id='par_1_8' title="bbox 135 3857 1211 4183">
     <span class='ocr_line' id='line_1_34' title="bbox 172 3857 1208 3928; baseline 0.004 -22"><span class='ocrx_word' id='word_1_296' title='bbox 172 3859 240 3922; x_wconf 69' lang='grc' dir='ltr'>ξ20.</span> <span class='ocrx_word' id='word_1_297' title='bbox 265 3857 429 3906; x_wconf 79' lang='lat' dir='ltr'><em>Uraaaoae</em></span> <span class='ocrx_word' id='word_1_298' title='bbox 446 3859 658 3920; x_wconf 82' lang='lat' dir='ltr'><em>eetsoaseulidaa</em></span> <span class='ocrx_word' id='word_1_299' title='bbox 718 3859 805 3908; x_wconf 74' lang='lat' dir='ltr'><em>Athea,</em></span> <span class='ocrx_word' id='word_1_300' title='bbox 831 3862 864 3908; x_wconf 94' lang='lat' dir='ltr'><em>II</em></span> <span class='ocrx_word' id='word_1_301' title='bbox 877 3865 975 3923; x_wconf 79' lang='lat' dir='ltr'><em>p.42o</em></span> <span class='ocrx_word' id='word_1_302' title='bbox 1001 3862 1049 3928; x_wconf 77' lang='lat' dir='ltr'><em>(ss.</em></span> <span class='ocrx_word' id='word_1_303' title='bbox 1069 3865 1117 3911; x_wconf 80' lang='lat'><em>159</em></span> <span class='ocrx_word' id='word_1_304' title='bbox 1141 3861 1208 3910; x_wconf 70' lang='lat' dir='ltr'><em>aaa</em></span> 
     </span>
     <span class='ocr_line' id='line_1_35' title="bbox 135 3941 1207 4013; baseline 0.007 -21"><span class='ocrx_word' id='word_1_305' title='bbox 135 3946 199 3992; x_wconf 81' lang='lat' dir='ltr'><em>er&#39;tra</em></span> <span class='ocrx_word' id='word_1_306' title='bbox 216 3942 467 4003; x_wconf 79' lang='lat' dir='ltr'><em>summamseenorera,</em></span> <span class='ocrx_word' id='word_1_307' title='bbox 486 3945 529 4004; x_wconf 77' lang='lat' dir='ltr'><em>qai</em></span> <span class='ocrx_word' id='word_1_308' title='bbox 544 3946 599 3993; x_wconf 74' lang='lat' dir='ltr'><em>mae</em></span> <span class='ocrx_word' id='word_1_309' title='bbox 615 3947 658 3993; x_wconf 72' lang='lat' dir='ltr'><em>tra*-</em></span> <span class='ocrx_word' id='word_1_310' title='bbox 684 3945 742 4011; x_wconf 84' lang='lat' dir='ltr'><em>mer)</em></span> <span class='ocrx_word' id='word_1_311' title='bbox 766 3942 798 3997; x_wconf 81' lang='grc' dir='ltr'><em>ἐν</em></span> <span class='ocrx_word' id='word_1_312' title='bbox 816 3943 991 4011; x_wconf 77' lang='grc' dir='ltr'><strong>Κραννῶνι</strong></span> <span class='ocrx_word' id='word_1_313' title='bbox 1008 3941 1032 3997; x_wconf 87' lang='grc' dir='ltr'><em>δ’</em></span> <span class='ocrx_word' id='word_1_314' title='bbox 1051 3944 1118 3998; x_wconf 72' lang='grc' dir='ltr'><strong>ἐστὶν</strong></span> <span class='ocrx_word' id='word_1_315' title='bbox 1137 3941 1207 4013; x_wconf 65' lang='grc' dir='ltr'><strong>ὕδωρ</strong></span> 
     </span>
     <span class='ocr_line' id='line_1_36' title="bbox 136 4023 1211 4098; baseline 0.007 -21"><span class='ocrx_word' id='word_1_316' title='bbox 136 4031 183 4078; x_wconf 81' lang='lat' dir='ltr'><em>dae</em></span> <span class='ocrx_word' id='word_1_317' title='bbox 199 4029 284 4078; x_wconf 70' lang='lat' dir='ltr'><em>adacto</em></span> <span class='ocrx_word' id='word_1_318' title='bbox 302 4031 405 4077; x_wconf 78' lang='lat' dir='ltr'><em>calama</em></span> <span class='ocrx_word' id='word_1_319' title='bbox 425 4031 532 4091; x_wconf 79' lang='lat' dir='ltr'><em>potionis</em></span> <span class='ocrx_word' id='word_1_320' title='bbox 556 4031 659 4078; x_wconf 71' lang='lat' dir='ltr'><em>aercae</em></span> <span class='ocrx_word' id='word_1_321' title='bbox 683 4025 772 4098; x_wconf 65' lang='grc' dir='ltr'><strong>ἡσυχῆ</strong></span> <span class='ocrx_word' id='word_1_322' title='bbox 790 4028 886 4096; x_wconf 68' lang='lat' dir='ltr'><em>bupalo</em></span> <span class='ocrx_word' id='word_1_323' title='bbox 904 4023 918 4082; x_wconf 84' lang='lat' dir='ltr'><em>il</em></span> <span class='ocrx_word' id='word_1_324' title='bbox 937 4031 1070 4097; x_wconf 65' lang='grc' dir='ltr'><strong>Ξερμαῖνον</strong></span> <span class='ocrx_word' id='word_1_325' title='bbox 1092 4034 1211 4098; x_wconf 83' lang='grc' dir='ltr'><strong>διατηρεῖ</strong></span> 
     </span>
     <span class='ocr_line' id='line_1_37' title="bbox 136 4111 1208 4183; baseline 0.007 -22"><span class='ocrx_word' id='word_1_326' title='bbox 136 4115 162 4162; x_wconf 82' lang='lat' dir='ltr'><em>ia</em></span> <span class='ocrx_word' id='word_1_327' title='bbox 178 4117 253 4164; x_wconf 63' lang='lat' dir='ltr'><em>vado.</em></span> <span class='ocrx_word' id='word_1_328' title='bbox 684 4114 810 4179; x_wconf 66' lang='lat' dir='ltr'><em>rouberto</em></span> <span class='ocrx_word' id='word_1_329' title='bbox 827 4113 870 4169; x_wconf 79' lang='grc' dir='ltr'><em>τὸν</em></span> <span class='ocrx_word' id='word_1_330' title='bbox 882 4112 945 4169; x_wconf 81' lang='grc' dir='ltr'><strong>οἶνον</strong></span> <span class='ocrx_word' id='word_1_331' title='bbox 963 4113 1004 4168; x_wconf 73' lang='lat' dir='ltr'><em>aa</em></span> <span class='ocrx_word' id='word_1_332' title='bbox 1019 4111 1065 4169; x_wconf 73' lang='grc' dir='ltr'><em>δύο</em></span> <span class='ocrx_word' id='word_1_333' title='bbox 1083 4115 1128 4168; x_wconf 78' lang='lat' dir='ltr'><em>acl</em></span> <span class='ocrx_word' id='word_1_334' title='bbox 1139 4121 1208 4183; x_wconf 83' lang='grc' dir='ltr'><strong>τρεῖς</strong></span> 
     </span>
    </p>
   </div>
   <div class='ocr_carea' id='block_1_8' title="bbox 683 4196 999 4350">
    <p class='ocr_par' dir='ltr' id='par_1_9' title="bbox 683 4196 999 4350">
     <span class='ocr_line' id='line_1_38' title="bbox 683 4196 938 4268; baseline 0.012 -3"><span class='ocrx_word' id='word_1_335' title='bbox 683 4196 784 4268; x_wconf 65' lang='grc' dir='ltr'><strong>ἡμέρας</strong></span> <span class='ocrx_word' id='word_1_336' title='bbox 802 4235 938 4251; x_wconf 91' lang='lat'><strong>······</strong></span> 
     </span>
     <span class='ocr_line' id='line_1_39' title="bbox 982 4297 999 4350; baseline 0 0"><span class='ocrx_word' id='word_1_337' title='bbox 982 4297 999 4350; x_wconf 84' lang='lat' dir='ltr'><em>a</em></span> 
     </span>
    </p>
   </div>
   <div class='ocr_carea' id='block_1_9' title="bbox 0 0 1506 4828">
    <p class='ocr_par' dir='ltr' id='par_1_10' title="bbox 0 0 1506 4828">
     <span class='ocr_line' id='line_1_40' title="bbox 0 0 1506 4828; baseline 0 5"><span class='ocrx_word' id='word_1_338' title='bbox 0 0 1506 4828; x_wconf 95' lang='lat' dir='ltr'><em> </em></span> 
     </span>
    </p>
   </div>
  </div>
 </body>
</html>
