<?xml version="1.0" encoding="UTF-8"?>
<!DOCTYPE html PUBLIC "-//W3C//DTD XHTML 1.0 Transitional//EN"
    "http://www.w3.org/TR/xhtml1/DTD/xhtml1-transitional.dtd">
<html xmlns="http://www.w3.org/1999/xhtml" xml:lang="en" lang="en">
 <head>
  <title>
</title>
<meta http-equiv="Content-Type" content="text/html;charset=utf-8" />
  <meta name='ocr-system' content='tesseract 3.04.00' />
  <meta name='ocr-capabilities' content='ocr_page ocr_carea ocr_par ocr_line ocrx_word'/>
</head>
<body>
  <div class='ocr_page' id='page_1' title='image "./deposidoniolucr01ruscgoog_0055.png"; bbox 0 0 3004 4828; ppageno 0'>
   <div class='ocr_carea' id='block_1_1' title="bbox 675 349 886 414">
    <p class='ocr_par' dir='ltr' id='par_1_1' title="bbox 675 349 886 414">
     <span class='ocr_line' id='line_1_1' title="bbox 675 349 886 414; baseline 0 -18"><span class='ocrx_word' id='word_1_1' title='bbox 675 349 886 414; x_wconf 77' lang='lat' dir='ltr'>-4ss..</span> 
     </span>
    </p>
   </div>
   <div class='ocr_carea' id='block_1_2' title="bbox 245 503 1320 1710">
    <p class='ocr_par' dir='ltr' id='par_1_2' title="bbox 245 503 1320 1710">
     <span class='ocr_line' id='line_1_2' title="bbox 246 503 1317 586; baseline 0.001 -24"><span class='ocrx_word' id='word_1_2' title='bbox 246 509 379 563; x_wconf 88' lang='lat' dir='ltr'>crescant</span> <span class='ocrx_word' id='word_1_3' title='bbox 401 503 448 562; x_wconf 86' lang='lat' dir='ltr'>vel</span> <span class='ocrx_word' id='word_1_4' title='bbox 472 506 644 565; x_wconf 89' lang='lat' dir='ltr'>minuantur</span> <span class='ocrx_word' id='word_1_5' title='bbox 671 525 736 565; x_wconf 89' lang='lat' dir='ltr'>oum</span> <span class='ocrx_word' id='word_1_6' title='bbox 759 505 845 586; x_wconf 85' lang='lat' dir='ltr'>aquis</span> <span class='ocrx_word' id='word_1_7' title='bbox 875 507 1031 565; x_wconf 88' lang='lat' dir='ltr'>subterra</span> <span class='ocrx_word' id='word_1_8' title='bbox 1060 506 1223 566; x_wconf 89' lang='lat' dir='ltr'>fluentibus</span> <span class='ocrx_word' id='word_1_9' title='bbox 1247 525 1317 565; x_wconf 89' lang='lat' dir='ltr'>con-</span> 
     </span>
     <span class='ocr_line' id='line_1_3' title="bbox 245 606 1314 684; baseline 0 -20"><span class='ocrx_word' id='word_1_10' title='bbox 245 606 350 681; x_wconf 83' lang='lat' dir='ltr'>iungit</span> <span class='ocrx_word' id='word_1_11' title='bbox 401 607 495 665; x_wconf 90' lang='lat' dir='ltr'>Porro</span> <span class='ocrx_word' id='word_1_12' title='bbox 526 607 726 666; x_wconf 79' lang='lat' dir='ltr'><strong>narrationem</strong></span> <span class='ocrx_word' id='word_1_13' title='bbox 757 608 792 666; x_wconf 92' lang='lat' dir='ltr'>de</span> <span class='ocrx_word' id='word_1_14' title='bbox 822 606 936 666; x_wconf 91' lang='lat' dir='ltr'>Inacho</span> <span class='ocrx_word' id='word_1_15' title='bbox 967 612 996 668; x_wconf 93' lang='lat' dir='ltr'>et</span> <span class='ocrx_word' id='word_1_16' title='bbox 1026 609 1140 666; x_wconf 87' lang='lat' dir='ltr'>Aeante</span> <span class='ocrx_word' id='word_1_17' title='bbox 1171 627 1238 684; x_wconf 86' lang='lat' dir='ltr'>pag.</span> <span class='ocrx_word' id='word_1_18' title='bbox 1255 611 1314 664; x_wconf 80' lang='lat'>316</span> 
     </span>
     <span class='ocr_line' id='line_1_4' title="bbox 246 706 1317 782; baseline 0.002 -18"><span class='ocrx_word' id='word_1_19' title='bbox 246 706 351 768; x_wconf 89' lang='lat' dir='ltr'>Strabo</span> <span class='ocrx_word' id='word_1_20' title='bbox 367 708 477 782; x_wconf 90' lang='lat' dir='ltr'>repetit</span> <span class='ocrx_word' id='word_1_21' title='bbox 490 709 597 768; x_wconf 87' lang='lat' dir='ltr'>iterum</span> <span class='ocrx_word' id='word_1_22' title='bbox 613 709 763 768; x_wconf 79' lang='lat' dir='ltr'>Hecataeo</span> <span class='ocrx_word' id='word_1_23' title='bbox 786 709 905 777; x_wconf 83' lang='lat' dir='ltr'>laudato</span> <span class='ocrx_word' id='word_1_24' title='bbox 929 714 959 770; x_wconf 88' lang='lat' dir='ltr'>et</span> <span class='ocrx_word' id='word_1_25' title='bbox 981 709 1079 768; x_wconf 82' lang='lat' dir='ltr'>statim</span> <span class='ocrx_word' id='word_1_26' title='bbox 1103 728 1141 766; x_wconf 86' lang='lat' dir='ltr'>ex</span> <span class='ocrx_word' id='word_1_27' title='bbox 1157 709 1317 768; x_wconf 91' lang='lat' dir='ltr'>Posidonio</span> 
     </span>
     <span class='ocr_line' id='line_1_5' title="bbox 246 809 1317 889; baseline 0.001 -22"><span class='ocrx_word' id='word_1_28' title='bbox 246 809 358 887; x_wconf 88' lang='lat' dir='ltr'>aliquid</span> <span class='ocrx_word' id='word_1_29' title='bbox 381 809 476 868; x_wconf 83' lang='lat' dir='ltr'>affert.</span> <span class='ocrx_word' id='word_1_30' title='bbox 521 809 594 868; x_wconf 79' lang='lat' dir='ltr'>Pam</span> <span class='ocrx_word' id='word_1_31' title='bbox 618 815 649 870; x_wconf 90' lang='lat' dir='ltr'>et</span> <span class='ocrx_word' id='word_1_32' title='bbox 662 810 793 870; x_wconf 85' lang='lat' dir='ltr'>Plinium</span> <span class='ocrx_word' id='word_1_33' title='bbox 810 815 841 868; x_wconf 92' lang='lat' dir='ltr'>et</span> <span class='ocrx_word' id='word_1_34' title='bbox 855 810 995 870; x_wconf 90' lang='lat' dir='ltr'>Senecam</span> <span class='ocrx_word' id='word_1_35' title='bbox 1014 811 1060 883; x_wconf 90' lang='lat' dir='ltr'>iis,</span> <span class='ocrx_word' id='word_1_36' title='bbox 1084 830 1161 889; x_wconf 91' lang='lat' dir='ltr'>quae</span> <span class='ocrx_word' id='word_1_37' title='bbox 1175 812 1212 870; x_wconf 90' lang='lat' dir='ltr'>de</span> <span class='ocrx_word' id='word_1_38' title='bbox 1227 811 1317 888; x_wconf 90' lang='lat' dir='ltr'>Lyco,</span> 
     </span>
     <span class='ocr_line' id='line_1_6' title="bbox 246 911 1318 991; baseline 0.001 -22"><span class='ocrx_word' id='word_1_39' title='bbox 246 912 387 984; x_wconf 85' lang='lat' dir='ltr'>Erasino,</span> <span class='ocrx_word' id='word_1_40' title='bbox 411 911 544 986; x_wconf 80' lang='lat' dir='ltr'>Tigride,</span> <span class='ocrx_word' id='word_1_41' title='bbox 574 911 625 970; x_wconf 92' lang='lat' dir='ltr'>ille</span> <span class='ocrx_word' id='word_1_42' title='bbox 649 913 684 970; x_wconf 93' lang='lat' dir='ltr'>de</span> <span class='ocrx_word' id='word_1_43' title='bbox 708 911 830 972; x_wconf 76' lang='lat' dir='ltr'>Timavo</span> <span class='ocrx_word' id='word_1_44' title='bbox 852 932 971 991; x_wconf 87' lang='lat' dir='ltr'>quoque</span> <span class='ocrx_word' id='word_1_45' title='bbox 994 912 1211 987; x_wconf 75' lang='lat' dir='ltr'>disseruerunt,</span> <span class='ocrx_word' id='word_1_46' title='bbox 1235 913 1318 974; x_wconf 88' lang='lat' dir='ltr'>Posi-</span> 
     </span>
     <span class='ocr_line' id='line_1_7' title="bbox 247 1013 1318 1091; baseline 0.002 -20"><span class='ocrx_word' id='word_1_47' title='bbox 247 1015 403 1073; x_wconf 87' lang='lat' dir='ltr'>donianam</span> <span class='ocrx_word' id='word_1_48' title='bbox 427 1014 624 1073; x_wconf 88' lang='lat' dir='ltr'>eruditionem</span> <span class='ocrx_word' id='word_1_49' title='bbox 648 1014 813 1074; x_wconf 81' lang='lat' dir='ltr'>servavisse</span> <span class='ocrx_word' id='word_1_50' title='bbox 835 1013 923 1074; x_wconf 84' lang='lat' dir='ltr'>facile</span> <span class='ocrx_word' id='word_1_51' title='bbox 951 1015 1168 1091; x_wconf 81' lang='lat' dir='ltr'>intellegimus,</span> <span class='ocrx_word' id='word_1_52' title='bbox 1202 1017 1227 1075; x_wconf 87' lang='lat' dir='ltr'>si</span> <span class='ocrx_word' id='word_1_53' title='bbox 1249 1035 1318 1074; x_wconf 92' lang='lat' dir='ltr'>con-</span> 
     </span>
     <span class='ocr_line' id='line_1_8' title="bbox 246 1109 1320 1196; baseline -0.001 -21"><span class='ocrx_word' id='word_1_54' title='bbox 246 1116 435 1191; x_wconf 89' lang='lat' dir='ltr'>templamur,</span> <span class='ocrx_word' id='word_1_55' title='bbox 460 1117 538 1194; x_wconf 90' lang='lat' dir='ltr'>quod</span> <span class='ocrx_word' id='word_1_56' title='bbox 561 1116 667 1175; x_wconf 85' lang='lat' dir='ltr'>Strabo</span> <span class='ocrx_word' id='word_1_57' title='bbox 691 1116 742 1188; x_wconf 89' lang='lat' dir='ltr'>VI,</span> <span class='ocrx_word' id='word_1_58' title='bbox 760 1117 821 1174; x_wconf 82' lang='lat'>275</span> <span class='ocrx_word' id='word_1_59' title='bbox 845 1116 985 1176; x_wconf 82' lang='lat' dir='ltr'>tradidit:</span> <span class='ocrx_word' id='word_1_60' title='bbox 1017 1111 1155 1194; x_wconf 81' lang='grc' dir='ltr'><strong><em>καθάπερ</em></strong></span> <span class='ocrx_word' id='word_1_61' title='bbox 1177 1109 1320 1196; x_wconf 79' lang='grc' dir='ltr'><strong><em>Ὀρόντης</em></strong></span> 
     </span>
     <span class='ocr_line' id='line_1_9' title="bbox 247 1211 1318 1300; baseline 0 -22"><span class='ocrx_word' id='word_1_62' title='bbox 247 1216 279 1278; x_wconf 76' lang='grc' dir='ltr'><strong><em>ἐν</em></strong></span> <span class='ocrx_word' id='word_1_63' title='bbox 294 1219 330 1300; x_wconf 69' lang='grc' dir='ltr'><strong><em>τῇ</em></strong></span> <span class='ocrx_word' id='word_1_64' title='bbox 349 1217 456 1300; x_wconf 75' lang='grc' dir='ltr'><strong><em>Συρία,</em></strong></span> <span class='ocrx_word' id='word_1_65' title='bbox 479 1211 608 1288; x_wconf 81' lang='grc' dir='ltr'><strong><em>καταδιίς</em></strong></span> <span class='ocrx_word' id='word_1_66' title='bbox 631 1215 672 1288; x_wconf 90' lang='grc' dir='ltr'>είς</span> <span class='ocrx_word' id='word_1_67' title='bbox 695 1211 727 1276; x_wconf 85' lang='lat' dir='ltr'>cd</span> <span class='ocrx_word' id='word_1_68' title='bbox 752 1211 858 1293; x_wconf 80' lang='grc' dir='ltr'><strong><em>μεταξιί</em></strong></span> <span class='ocrx_word' id='word_1_69' title='bbox 881 1212 978 1294; x_wconf 83' lang='grc' dir='ltr'><strong><em>χοίσμα</em></strong></span> <span class='ocrx_word' id='word_1_70' title='bbox 1000 1211 1160 1295; x_wconf 82' lang='grc' dir='ltr'><strong><em>’Λπαμείας</em></strong></span> <span class='ocrx_word' id='word_1_71' title='bbox 1182 1217 1233 1278; x_wconf 79' lang='grc' dir='ltr'><strong><em>καί</em></strong></span> <span class='ocrx_word' id='word_1_72' title='bbox 1255 1211 1318 1278; x_wconf 86' lang='grc' dir='ltr'><strong><em>Ἀν-</em></strong></span> 
     </span>
     <span class='ocr_line' id='line_1_10' title="bbox 245 1315 1319 1399; baseline 0.002 -22"><span class='ocrx_word' id='word_1_73' title='bbox 245 1321 380 1396; x_wconf 86' lang='grc' dir='ltr'><strong><em>τιοχείας,</em></strong></span> <span class='ocrx_word' id='word_1_74' title='bbox 403 1315 421 1380; x_wconf 86' lang='grc' dir='ltr'><strong><em>δ</em></strong></span> <span class='ocrx_word' id='word_1_75' title='bbox 443 1323 563 1380; x_wconf 83' lang='grc' dir='ltr'><strong><em>καλοῦσι</em></strong></span> <span class='ocrx_word' id='word_1_76' title='bbox 582 1315 749 1399; x_wconf 77' lang='grc' dir='ltr'><strong><em>Χάρυβδιν,</em></strong></span> <span class='ocrx_word' id='word_1_77' title='bbox 773 1315 919 1380; x_wconf 75' lang='grc' dir='ltr'><strong><em>ἀνατέλλει</em></strong></span> <span class='ocrx_word' id='word_1_78' title='bbox 941 1315 1029 1381; x_wconf 85' lang='grc' dir='ltr'><strong><em>πιίλιν</em></strong></span> <span class='ocrx_word' id='word_1_79' title='bbox 1052 1321 1082 1382; x_wconf 76' lang='grc' dir='ltr'><strong><em>ἐν</em></strong></span> <span class='ocrx_word' id='word_1_80' title='bbox 1105 1317 1319 1399; x_wconf 77' lang='grc' dir='ltr'><strong><em>τετταράκοντα</em></strong></span> 
     </span>
     <span class='ocr_line' id='line_1_11' title="bbox 246 1416 1317 1509; baseline 0 -27"><span class='ocrx_word' id='word_1_81' title='bbox 246 1423 390 1494; x_wconf 79' lang='grc' dir='ltr'><strong><em>σταδίοις·</em></strong></span> <span class='ocrx_word' id='word_1_82' title='bbox 413 1418 449 1482; x_wconf 82' lang='lat' dir='ltr'>coi</span> <span class='ocrx_word' id='word_1_83' title='bbox 471 1421 503 1482; x_wconf 78' lang='grc' dir='ltr'>δὲ</span> <span class='ocrx_word' id='word_1_84' title='bbox 525 1419 715 1504; x_wconf 75' lang='grc' dir='ltr'><strong><em>παραπλήσια</em></strong></span> <span class='ocrx_word' id='word_1_85' title='bbox 738 1421 790 1482; x_wconf 85' lang='grc' dir='ltr'><strong><em>καλ</em></strong></span> <span class='ocrx_word' id='word_1_86' title='bbox 813 1416 831 1482; x_wconf 86' lang='lat' dir='ltr'>d</span> <span class='ocrx_word' id='word_1_87' title='bbox 858 1424 958 1504; x_wconf 74' lang='grc' dir='ltr'><strong><em>Τίγρις</em></strong></span> <span class='ocrx_word' id='word_1_88' title='bbox 980 1423 1011 1484; x_wconf 79' lang='grc' dir='ltr'><strong><em>ἐν</em></strong></span> <span class='ocrx_word' id='word_1_89' title='bbox 1033 1428 1069 1509; x_wconf 71' lang='grc' dir='ltr'><strong><em>τῇ</em></strong></span> <span class='ocrx_word' id='word_1_90' title='bbox 1093 1425 1317 1506; x_wconf 74' lang='grc' dir='ltr'><strong><em>Μεσοποταμία</em></strong></span> 
     </span>
     <span class='ocr_line' id='line_1_12' title="bbox 246 1520 1319 1610; baseline -0.001 -24"><span class='ocrx_word' id='word_1_91' title='bbox 246 1526 295 1587; x_wconf 87' lang='grc' dir='ltr'><strong><em>καλ</em></strong></span> <span class='ocrx_word' id='word_1_92' title='bbox 319 1520 461 1596; x_wconf 81' lang='grc' dir='ltr'><strong><em>δΝεῖλος</em></strong></span> <span class='ocrx_word' id='word_1_93' title='bbox 485 1525 516 1584; x_wconf 79' lang='grc' dir='ltr'><strong><em>ἐν</em></strong></span> <span class='ocrx_word' id='word_1_94' title='bbox 538 1529 573 1608; x_wconf 72' lang='grc' dir='ltr'><strong><em>τῇ</em></strong></span> <span class='ocrx_word' id='word_1_95' title='bbox 593 1521 697 1610; x_wconf 73' lang='grc' dir='ltr'><strong><em>Λιβύῃ</em></strong></span> <span class='ocrx_word' id='word_1_96' title='bbox 719 1520 826 1606; x_wconf 82' lang='grc' dir='ltr'><strong><em>μικρδν</em></strong></span> <span class='ocrx_word' id='word_1_97' title='bbox 849 1521 907 1606; x_wconf 88' lang='grc' dir='ltr'><strong><em>πρδ</em></strong></span> <span class='ocrx_word' id='word_1_98' title='bbox 932 1530 990 1587; x_wconf 82' lang='grc' dir='ltr'>τῶν</span> <span class='ocrx_word' id='word_1_99' title='bbox 1010 1530 1121 1608; x_wconf 76' lang='grc' dir='ltr'><strong><em>πηγῶν.</em></strong></span> <span class='ocrx_word' id='word_1_100' title='bbox 1150 1523 1183 1586; x_wconf 80' lang='lat' dir='ltr'>cd</span> <span class='ocrx_word' id='word_1_101' title='bbox 1203 1523 1233 1586; x_wconf 81' lang='grc' dir='ltr'>δὲ</span> <span class='ocrx_word' id='word_1_102' title='bbox 1252 1524 1319 1606; x_wconf 84' lang='grc' dir='ltr'><strong><em>περὶ</em></strong></span> 
     </span>
     <span class='ocr_line' id='line_1_13' title="bbox 246 1622 1319 1710; baseline 0.001 -22"><span class='ocrx_word' id='word_1_103' title='bbox 246 1626 427 1708; x_wconf 80' lang='grc' dir='ltr'><strong><em>Στύμφαλον</em></strong></span> <span class='ocrx_word' id='word_1_104' title='bbox 448 1622 530 1708; x_wconf 72' lang='grc' dir='ltr'><strong><em>ὕδωρ</em></strong></span> <span class='ocrx_word' id='word_1_105' title='bbox 553 1626 602 1689; x_wconf 74' lang='grc' dir='ltr'><strong><em>ἐπὶ</em></strong></span> <span class='ocrx_word' id='word_1_106' title='bbox 625 1628 798 1699; x_wconf 78' lang='grc' dir='ltr'><strong><em>διακοσίους</em></strong></span> <span class='ocrx_word' id='word_1_107' title='bbox 820 1628 958 1700; x_wconf 75' lang='grc' dir='ltr'><strong><em>σταδίους</em></strong></span> <span class='ocrx_word' id='word_1_108' title='bbox 980 1623 1040 1690; x_wconf 66' lang='lat' dir='ltr'>dud</span> <span class='ocrx_word' id='word_1_109' title='bbox 1063 1633 1121 1710; x_wconf 73' lang='grc' dir='ltr'><strong><em>γῆν</em></strong></span> <span class='ocrx_word' id='word_1_110' title='bbox 1144 1626 1264 1708; x_wconf 76' lang='grc' dir='ltr'><strong><em>ἐνεχθὲν</em></strong></span> <span class='ocrx_word' id='word_1_111' title='bbox 1287 1627 1319 1689; x_wconf 89' lang='grc' dir='ltr'>ε’ν</span> 
     </span>
    </p>
   </div>
   <div class='ocr_carea' id='block_1_3' title="bbox 247 1724 1321 1818">
    <p class='ocr_par' dir='ltr' id='par_1_3' title="bbox 247 1724 1321 1818">
     <span class='ocr_line' id='line_1_14' title="bbox 247 1724 1321 1818; baseline 0.001 -27"><span class='ocrx_word' id='word_1_112' title='bbox 247 1736 281 1818; x_wconf 63' lang='grc' dir='ltr'><strong><em>τῇ</em></strong></span> <span class='ocrx_word' id='word_1_113' title='bbox 303 1726 418 1815; x_wconf 74' lang='grc' dir='ltr'><strong><em>Ἀργείᾳ</em></strong></span> <span class='ocrx_word' id='word_1_114' title='bbox 441 1726 492 1790; x_wconf 82' lang='lat' dir='ltr'>cdv</span> <span class='ocrx_word' id='word_1_115' title='bbox 513 1724 669 1812; x_wconf 79' lang='grc' dir='ltr'><strong><em>Ἐρασῖνον</em></strong></span> <span class='ocrx_word' id='word_1_116' title='bbox 691 1730 829 1792; x_wconf 78' lang='grc' dir='ltr'><strong><em>ἐκδίδωσι</em></strong></span> <span class='ocrx_word' id='word_1_117' title='bbox 851 1727 998 1808; x_wconf 85' lang='grc' dir='ltr'><strong><em>ποταμόν,</em></strong></span> <span class='ocrx_word' id='word_1_118' title='bbox 1021 1731 1072 1791; x_wconf 82' lang='grc' dir='ltr'><strong><em>καὶ</em></strong></span> <span class='ocrx_word' id='word_1_119' title='bbox 1088 1729 1176 1792; x_wconf 81' lang='grc' dir='ltr'><strong><em>ποίλιν</em></strong></span> <span class='ocrx_word' id='word_1_120' title='bbox 1192 1727 1224 1792; x_wconf 76' lang='lat' dir='ltr'>td</span> <span class='ocrx_word' id='word_1_121' title='bbox 1243 1727 1321 1813; x_wconf 87' lang='grc' dir='ltr'><strong><em>πρδς</em></strong></span> 
     </span>
    </p>
   </div>
   <div class='ocr_carea' id='block_1_4' title="bbox 228 1827 1321 4282">
    <p class='ocr_par' dir='ltr' id='par_1_4' title="bbox 228 1827 1321 4282">
     <span class='ocr_line' id='line_1_15' title="bbox 246 1827 1320 1914; baseline 0.001 -21"><span class='ocrx_word' id='word_1_122' title='bbox 246 1831 300 1913; x_wconf 69' lang='grc' dir='ltr'>τήν</span> <span class='ocrx_word' id='word_1_123' title='bbox 320 1828 498 1914; x_wconf 70' lang='grc' dir='ltr'><strong><em>Ἀρκαδικὴν</em></strong></span> <span class='ocrx_word' id='word_1_124' title='bbox 519 1827 621 1896; x_wconf 77' lang='grc' dir='ltr'><strong><em>Ἀσίαν</em></strong></span> <span class='ocrx_word' id='word_1_125' title='bbox 643 1828 829 1914; x_wconf 74' lang='grc' dir='ltr'><strong><em>ὑποβρύχιον</em></strong></span> <span class='ocrx_word' id='word_1_126' title='bbox 852 1831 952 1896; x_wconf 68' lang='lat' dir='ltr'>modia</span> <span class='ocrx_word' id='word_1_127' title='bbox 975 1833 1036 1912; x_wconf 82' lang='grc' dir='ltr'>ὀψέ</span> <span class='ocrx_word' id='word_1_128' title='bbox 1051 1857 1123 1896; x_wconf 86' lang='grc' dir='ltr'><strong><em>ποτε</em></strong></span> <span class='ocrx_word' id='word_1_129' title='bbox 1145 1830 1196 1896; x_wconf 87' lang='grc' dir='ltr'>τόν</span> <span class='ocrx_word' id='word_1_130' title='bbox 1219 1829 1242 1894; x_wconf 91' lang='grc' dir='ltr'><strong><em>τ’</em></strong></span> <span class='ocrx_word' id='word_1_131' title='bbox 1258 1830 1320 1894; x_wconf 83' lang='grc' dir='ltr'>Εὐ-</span> 
     </span>
     <span class='ocr_line' id='line_1_16' title="bbox 247 1932 1320 2018; baseline -0.001 -20"><span class='ocrx_word' id='word_1_132' title='bbox 247 1933 346 2018; x_wconf 80' lang='grc' dir='ltr'><strong><em>ροίταυ</em></strong></span> <span class='ocrx_word' id='word_1_133' title='bbox 374 1938 425 1998; x_wconf 81' lang='grc' dir='ltr'><strong><em>καί</em></strong></span> <span class='ocrx_word' id='word_1_134' title='bbox 454 1933 506 1998; x_wconf 81' lang='lat' dir='ltr'>cdv</span> <span class='ocrx_word' id='word_1_135' title='bbox 526 1932 662 2013; x_wconf 84' lang='grc' dir='ltr'><strong><em>Ἀλφειδν</em></strong></span> <span class='ocrx_word' id='word_1_136' title='bbox 694 1935 891 2011; x_wconf 78' lang='grc' dir='ltr'><strong><em>ἀναδίδωσιν,</em></strong></span> <span class='ocrx_word' id='word_1_137' title='bbox 922 1933 996 1998; x_wconf 72' lang='grc' dir='ltr'><strong><em>ὥστε</em></strong></span> <span class='ocrx_word' id='word_1_138' title='bbox 1024 1937 1075 1999; x_wconf 84' lang='grc' dir='ltr'><strong><em>καί</em></strong></span> <span class='ocrx_word' id='word_1_139' title='bbox 1105 1941 1320 1998; x_wconf 77' lang='grc' dir='ltr'><strong><em>πεπιστεῦσθαι</em></strong></span> 
     </span>
     <span class='ocr_line' id='line_1_17' title="bbox 246 2035 1320 2124; baseline 0 -23"><span class='ocrx_word' id='word_1_140' title='bbox 246 2039 388 2118; x_wconf 80' lang='grc' dir='ltr'><strong><em>μυθῶδίς</em></strong></span> <span class='ocrx_word' id='word_1_141' title='bbox 417 2064 459 2114; x_wconf 89' lang='grc' dir='ltr'><strong><em>τι,</em></strong></span> <span class='ocrx_word' id='word_1_142' title='bbox 491 2037 536 2102; x_wconf 83' lang='grc' dir='ltr'><strong><em>ὅτι</em></strong></span> <span class='ocrx_word' id='word_1_143' title='bbox 559 2044 617 2100; x_wconf 74' lang='grc' dir='ltr'><strong><em>τοῖν</em></strong></span> <span class='ocrx_word' id='word_1_144' title='bbox 639 2038 905 2117; x_wconf 78' lang='grc' dir='ltr'><strong><em>ε’πιφημισθίντοιν</em></strong></span> <span class='ocrx_word' id='word_1_145' title='bbox 927 2035 1083 2116; x_wconf 69' lang='grc' dir='ltr'><strong><em>στεφάνων</em></strong></span> <span class='ocrx_word' id='word_1_146' title='bbox 1111 2039 1239 2124; x_wconf 76' lang='grc' dir='ltr'><strong><em>ἑκατέρῳ</em></strong></span> <span class='ocrx_word' id='word_1_147' title='bbox 1269 2039 1320 2101; x_wconf 81' lang='grc' dir='ltr'><strong><em>καὶ</em></strong></span> 
     </span>
     <span class='ocr_line' id='line_1_18' title="bbox 246 2135 1321 2226; baseline -0.001 -21"><span class='ocrx_word' id='word_1_148' title='bbox 246 2143 396 2226; x_wconf 68' lang='grc' dir='ltr'><strong><em>ῥιφέντων</em></strong></span> <span class='ocrx_word' id='word_1_149' title='bbox 420 2143 462 2215; x_wconf 85' lang='grc' dir='ltr'>είς</span> <span class='ocrx_word' id='word_1_150' title='bbox 484 2137 516 2203; x_wconf 87' lang='grc' dir='ltr'><strong><em>τδ</em></strong></span> <span class='ocrx_word' id='word_1_151' title='bbox 540 2138 641 2203; x_wconf 86' lang='grc' dir='ltr'><strong><em>κοινδν</em></strong></span> <span class='ocrx_word' id='word_1_152' title='bbox 664 2143 758 2224; x_wconf 73' lang='grc' dir='ltr'><strong><em>ῥεῦμα</em></strong></span> <span class='ocrx_word' id='word_1_153' title='bbox 782 2138 974 2218; x_wconf 79' lang='grc' dir='ltr'><strong><em>ἀναφαίνεται</em></strong></span> <span class='ocrx_word' id='word_1_154' title='bbox 1002 2138 1076 2204; x_wconf 77' lang='lat' dir='ltr'>acad</span> <span class='ocrx_word' id='word_1_155' title='bbox 1105 2139 1157 2205; x_wconf 84' lang='grc' dir='ltr'>τδν</span> <span class='ocrx_word' id='word_1_156' title='bbox 1180 2135 1321 2221; x_wconf 77' lang='grc' dir='ltr'><strong><em>ἐπιφημι-</em></strong></span> 
     </span>
     <span class='ocr_line' id='line_1_19' title="bbox 246 2240 1321 2330; baseline -0.003 -21"><span class='ocrx_word' id='word_1_157' title='bbox 246 2241 323 2327; x_wconf 82' lang='grc' dir='ltr'><strong><em>σμδν</em></strong></span> <span class='ocrx_word' id='word_1_158' title='bbox 344 2243 481 2330; x_wconf 81' lang='grc' dir='ltr'><strong><em>ἕκοίτερος</em></strong></span> <span class='ocrx_word' id='word_1_159' title='bbox 504 2245 534 2307; x_wconf 81' lang='grc' dir='ltr'><strong><em>ἒν</em></strong></span> <span class='ocrx_word' id='word_1_160' title='bbox 556 2251 597 2329; x_wconf 76' lang='grc' dir='ltr'><strong><em>τῷ</em></strong></span> <span class='ocrx_word' id='word_1_161' title='bbox 621 2245 719 2329; x_wconf 77' lang='grc' dir='ltr'><strong><em>οἰκείῳ</em></strong></span> <span class='ocrx_word' id='word_1_162' title='bbox 742 2249 875 2330; x_wconf 74' lang='grc' dir='ltr'><strong><em>ποταμῷ.</em></strong></span> <span class='ocrx_word' id='word_1_163' title='bbox 919 2245 1031 2327; x_wconf 84' lang='grc' dir='ltr'><strong><em>είρηται</em></strong></span> <span class='ocrx_word' id='word_1_164' title='bbox 1054 2244 1157 2308; x_wconf 76' lang='grc' dir='ltr'><strong><em>δὲκαὶ</em></strong></span> <span class='ocrx_word' id='word_1_165' title='bbox 1181 2241 1212 2308; x_wconf 77' lang='grc' dir='ltr'><strong><em>τί</em></strong></span> <span class='ocrx_word' id='word_1_166' title='bbox 1239 2240 1321 2327; x_wconf 83' lang='grc' dir='ltr'><strong><em>λεγό-</em></strong></span> 
     </span>
     <span class='ocr_line' id='line_1_20' title="bbox 247 2347 1321 2429; baseline -0.001 -18"><span class='ocrx_word' id='word_1_167' title='bbox 247 2373 336 2428; x_wconf 82' lang='grc' dir='ltr'><strong><em>μενον</em></strong></span> <span class='ocrx_word' id='word_1_168' title='bbox 364 2350 429 2429; x_wconf 75' lang='grc' dir='ltr'><strong><em>περὶ</em></strong></span> <span class='ocrx_word' id='word_1_169' title='bbox 462 2353 515 2411; x_wconf 80' lang='grc' dir='ltr'><strong><em>τοῦ</em></strong></span> <span class='ocrx_word' id='word_1_170' title='bbox 542 2347 686 2429; x_wconf 77' lang='grc' dir='ltr'><strong><em>Τιμαίου.</em></strong></span> <span class='ocrx_word' id='word_1_171' title='bbox 733 2353 843 2411; x_wconf 84' lang='lat' dir='ltr'>Eadem</span> <span class='ocrx_word' id='word_1_172' title='bbox 866 2353 959 2412; x_wconf 84' lang='lat' dir='ltr'>verba</span> <span class='ocrx_word' id='word_1_173' title='bbox 988 2371 1084 2412; x_wconf 89' lang='lat' dir='ltr'>exeo</span> <span class='ocrx_word' id='word_1_174' title='bbox 1111 2353 1195 2412; x_wconf 83' lang='lat' dir='ltr'>fonte</span> <span class='ocrx_word' id='word_1_175' title='bbox 1224 2353 1321 2411; x_wconf 82' lang='lat' dir='ltr'>fluxe-</span> 
     </span>
     <span class='ocr_line' id='line_1_21' title="bbox 245 2454 1320 2540; baseline -0.002 -26"><span class='ocrx_word' id='word_1_176' title='bbox 245 2462 324 2529; x_wconf 88' lang='lat' dir='ltr'>runt,</span> <span class='ocrx_word' id='word_1_177' title='bbox 347 2457 426 2514; x_wconf 90' lang='lat' dir='ltr'>unde</span> <span class='ocrx_word' id='word_1_178' title='bbox 441 2455 570 2514; x_wconf 80' lang='lat' dir='ltr'>Senecae</span> <span class='ocrx_word' id='word_1_179' title='bbox 588 2460 618 2515; x_wconf 90' lang='lat' dir='ltr'>et</span> <span class='ocrx_word' id='word_1_180' title='bbox 634 2455 726 2513; x_wconf 87' lang='lat' dir='ltr'>Plinii</span> <span class='ocrx_word' id='word_1_181' title='bbox 746 2455 916 2532; x_wconf 86' lang='lat' dir='ltr'>disputatio,</span> <span class='ocrx_word' id='word_1_182' title='bbox 940 2475 979 2516; x_wconf 88' lang='lat' dir='ltr'>so.</span> <span class='ocrx_word' id='word_1_183' title='bbox 996 2475 1035 2540; x_wconf 81' lang='lat' dir='ltr'>ex</span> <span class='ocrx_word' id='word_1_184' title='bbox 1049 2456 1204 2515; x_wconf 89' lang='lat' dir='ltr'>Posidonii</span> <span class='ocrx_word' id='word_1_185' title='bbox 1219 2454 1320 2526; x_wconf 84' lang='lat' dir='ltr'>libris3</span> 
     </span>
     <span class='ocr_line' id='line_1_22' title="bbox 247 2557 1321 2637; baseline -0.002 -19"><span class='ocrx_word' id='word_1_186' title='bbox 247 2579 313 2618; x_wconf 91' lang='lat' dir='ltr'>eum</span> <span class='ocrx_word' id='word_1_187' title='bbox 337 2559 415 2617; x_wconf 91' lang='lat' dir='ltr'>enim</span> <span class='ocrx_word' id='word_1_188' title='bbox 439 2559 474 2615; x_wconf 92' lang='lat' dir='ltr'>de</span> <span class='ocrx_word' id='word_1_189' title='bbox 492 2557 612 2618; x_wconf 85' lang='lat' dir='ltr'>Timavo</span> <span class='ocrx_word' id='word_1_190' title='bbox 635 2557 768 2618; x_wconf 83' lang='lat' dir='ltr'>laudavit</span> <span class='ocrx_word' id='word_1_191' title='bbox 785 2557 890 2617; x_wconf 83' lang='lat' dir='ltr'>Strabo</span> <span class='ocrx_word' id='word_1_192' title='bbox 908 2557 934 2615; x_wconf 89' lang='lat' dir='ltr'>V</span> <span class='ocrx_word' id='word_1_193' title='bbox 956 2578 984 2634; x_wconf 90' lang='lat' dir='ltr'>p.</span> <span class='ocrx_word' id='word_1_194' title='bbox 1003 2563 1062 2617; x_wconf 80' lang='lat'>215</span> <span class='ocrx_word' id='word_1_195' title='bbox 1086 2558 1134 2637; x_wconf 86' lang='lat' dir='ltr'>(fr.</span> <span class='ocrx_word' id='word_1_196' title='bbox 1153 2557 1221 2636; x_wconf 83' lang='lat'>55):</span> <span class='ocrx_word' id='word_1_197' title='bbox 1248 2558 1321 2616; x_wconf 92' lang='grc' dir='ltr'>Πο-</span> 
     </span>
     <span class='ocr_line' id='line_1_23' title="bbox 248 2651 1320 2739; baseline 0 -21"><span class='ocrx_word' id='word_1_198' title='bbox 248 2654 447 2729; x_wconf 74' lang='grc' dir='ltr'><strong><em>σειδώνιος</em></strong></span> <span class='ocrx_word' id='word_1_199' title='bbox 470 2657 503 2719; x_wconf 76' lang='grc' dir='ltr'>δέ</span> <span class='ocrx_word' id='word_1_200' title='bbox 525 2676 598 2736; x_wconf 79' lang='grc' dir='ltr'><strong><em>φησι</em></strong></span> <span class='ocrx_word' id='word_1_201' title='bbox 622 2652 757 2734; x_wconf 80' lang='grc' dir='ltr'><strong><em>ποταμδν</em></strong></span> <span class='ocrx_word' id='word_1_202' title='bbox 779 2651 832 2720; x_wconf 78' lang='lat' dir='ltr'>adv</span> <span class='ocrx_word' id='word_1_203' title='bbox 859 2659 991 2735; x_wconf 86' lang='grc' dir='ltr'><strong><em>Τίμαυον</em></strong></span> <span class='ocrx_word' id='word_1_204' title='bbox 1008 2657 1114 2720; x_wconf 77' lang='grc' dir='ltr'><strong><em>ἐκτῶν</em></strong></span> <span class='ocrx_word' id='word_1_205' title='bbox 1133 2653 1212 2739; x_wconf 71' lang='grc' dir='ltr'><strong><em>σ’ροῖν</em></strong></span> <span class='ocrx_word' id='word_1_206' title='bbox 1230 2652 1320 2738; x_wconf 89' lang='grc' dir='ltr'><strong><em>φερό-</em></strong></span> 
     </span>
     <span class='ocr_line' id='line_1_24' title="bbox 248 2753 1318 2842; baseline 0 -20"><span class='ocrx_word' id='word_1_207' title='bbox 248 2784 337 2839; x_wconf 84' lang='grc' dir='ltr'><strong><em>μενον</em></strong></span> <span class='ocrx_word' id='word_1_208' title='bbox 358 2762 551 2822; x_wconf 88' lang='grc' dir='ltr'><strong><em>καταπίπτειν</em></strong></span> <span class='ocrx_word' id='word_1_209' title='bbox 573 2760 614 2833; x_wconf 86' lang='grc' dir='ltr'>είς</span> <span class='ocrx_word' id='word_1_210' title='bbox 637 2760 802 2842; x_wconf 79' lang='grc' dir='ltr'><strong><em>βέρεθρον,</em></strong></span> <span class='ocrx_word' id='word_1_211' title='bbox 834 2753 892 2822; x_wconf 75' lang='grc' dir='ltr'><strong><em>εἶθ’</em></strong></span> <span class='ocrx_word' id='word_1_212' title='bbox 914 2755 975 2822; x_wconf 82' lang='grc' dir='ltr'><strong><em>δπδ</em></strong></span> <span class='ocrx_word' id='word_1_213' title='bbox 999 2766 1053 2842; x_wconf 79' lang='grc' dir='ltr'><strong><em>γῆς</em></strong></span> <span class='ocrx_word' id='word_1_214' title='bbox 1075 2761 1229 2842; x_wconf 80' lang='grc' dir='ltr'><strong><em>ἐνεχθέντα</em></strong></span> <span class='ocrx_word' id='word_1_215' title='bbox 1252 2760 1318 2839; x_wconf 78' lang='grc' dir='ltr'><strong><em>περὶ</em></strong></span> 
     </span>
     <span class='ocr_line' id='line_1_25' title="bbox 248 2860 1320 2951; baseline -0.002 -26"><span class='ocrx_word' id='word_1_216' title='bbox 248 2860 352 2926; x_wconf 65' lang='lat' dir='ltr'>§aazia</span> <span class='ocrx_word' id='word_1_217' title='bbox 381 2864 431 2924; x_wconf 83' lang='grc' dir='ltr'><strong><em>καὶ</em></strong></span> <span class='ocrx_word' id='word_1_218' title='bbox 461 2860 619 2942; x_wconf 79' lang='grc' dir='ltr'><strong><em>τριάκοντα</em></strong></span> <span class='ocrx_word' id='word_1_219' title='bbox 646 2866 785 2936; x_wconf 88' lang='grc' dir='ltr'><strong><em>σταδίους</em></strong></span> <span class='ocrx_word' id='word_1_220' title='bbox 815 2865 864 2926; x_wconf 79' lang='grc' dir='ltr'><strong><em>ἐπὶ</em></strong></span> <span class='ocrx_word' id='word_1_221' title='bbox 894 2869 930 2950; x_wconf 74' lang='grc' dir='ltr'><strong><em>τῇ</em></strong></span> <span class='ocrx_word' id='word_1_222' title='bbox 953 2863 1086 2951; x_wconf 72' lang='grc' dir='ltr'><strong><em>θαλάττῃ</em></strong></span> <span class='ocrx_word' id='word_1_223' title='bbox 1115 2861 1170 2944; x_wconf 76' lang='grc' dir='ltr'><strong><em>τήν</em></strong></span> <span class='ocrx_word' id='word_1_224' title='bbox 1193 2860 1320 2943; x_wconf 73' lang='grc' dir='ltr'><strong><em>ἐκβολήν</em></strong></span> 
     </span>
     <span class='ocr_line' id='line_1_26' title="bbox 248 2970 1318 3047; baseline -0.002 -19"><span class='ocrx_word' id='word_1_225' title='bbox 248 2972 408 3029; x_wconf 86' lang='grc' dir='ltr'><strong><em>ποιεῖσθαι.</em></strong></span> <span class='ocrx_word' id='word_1_226' title='bbox 453 2971 577 3031; x_wconf 84' lang='lat' dir='ltr'>Etiamsi</span> <span class='ocrx_word' id='word_1_227' title='bbox 593 2971 685 3046; x_wconf 86' lang='lat' dir='ltr'>igitur</span> <span class='ocrx_word' id='word_1_228' title='bbox 699 2970 805 3030; x_wconf 89' lang='lat' dir='ltr'>Strabo</span> <span class='ocrx_word' id='word_1_229' title='bbox 828 2973 859 3028; x_wconf 93' lang='lat' dir='ltr'>in</span> <span class='ocrx_word' id='word_1_230' title='bbox 882 2991 909 3047; x_wconf 90' lang='lat' dir='ltr'>p.</span> <span class='ocrx_word' id='word_1_231' title='bbox 927 2971 987 3029; x_wconf 81' lang='lat'>275</span> <span class='ocrx_word' id='word_1_232' title='bbox 1011 2971 1143 3047; x_wconf 88' lang='lat' dir='ltr'>priorum</span> <span class='ocrx_word' id='word_1_233' title='bbox 1159 2973 1318 3032; x_wconf 82' lang='lat' dir='ltr'>verborum</span> 
     </span>
     <span class='ocr_line' id='line_1_27' title="bbox 228 3072 1320 3153; baseline -0.004 -20"><span class='ocrx_word' id='word_1_234' title='bbox 228 3075 418 3133; x_wconf 76' lang='lat' dir='ltr'>=reoordatus</span> <span class='ocrx_word' id='word_1_235' title='bbox 434 3077 486 3147; x_wconf 89' lang='lat' dir='ltr'>eet,</span> <span class='ocrx_word' id='word_1_236' title='bbox 510 3078 609 3133; x_wconf 90' lang='lat' dir='ltr'>tamen</span> <span class='ocrx_word' id='word_1_237' title='bbox 629 3073 749 3133; x_wconf 89' lang='lat' dir='ltr'>dubium</span> <span class='ocrx_word' id='word_1_238' title='bbox 768 3094 826 3134; x_wconf 93' lang='lat' dir='ltr'>non</span> <span class='ocrx_word' id='word_1_239' title='bbox 846 3079 899 3147; x_wconf 92' lang='lat' dir='ltr'>est,</span> <span class='ocrx_word' id='word_1_240' title='bbox 923 3073 1099 3153; x_wconf 89' lang='lat' dir='ltr'>quinetiam</span> <span class='ocrx_word' id='word_1_241' title='bbox 1118 3074 1176 3133; x_wconf 91' lang='lat' dir='ltr'>alia</span> <span class='ocrx_word' id='word_1_242' title='bbox 1196 3072 1320 3132; x_wconf 88' lang='lat' dir='ltr'>flumina</span> 
     </span>
     <span class='ocr_line' id='line_1_28' title="bbox 247 3176 1320 3255; baseline -0.002 -21"><span class='ocrx_word' id='word_1_243' title='bbox 247 3177 408 3249; x_wconf 87' lang='lat' dir='ltr'>mirabilia,</span> <span class='ocrx_word' id='word_1_244' title='bbox 433 3196 508 3255; x_wconf 86' lang='lat' dir='ltr'>quae</span> <span class='ocrx_word' id='word_1_245' title='bbox 530 3176 668 3250; x_wconf 80' lang='lat' dir='ltr'>Senecae,</span> <span class='ocrx_word' id='word_1_246' title='bbox 691 3177 799 3250; x_wconf 90' lang='lat' dir='ltr'>Plinio,</span> <span class='ocrx_word' id='word_1_247' title='bbox 822 3177 960 3236; x_wconf 83' lang='lat' dir='ltr'>Straboni</span> <span class='ocrx_word' id='word_1_248' title='bbox 983 3177 1151 3236; x_wconf 90' lang='lat' dir='ltr'>communia</span> <span class='ocrx_word' id='word_1_249' title='bbox 1172 3183 1256 3250; x_wconf 90' lang='lat' dir='ltr'>sunt,</span> <span class='ocrx_word' id='word_1_250' title='bbox 1281 3195 1320 3234; x_wconf 90' lang='lat' dir='ltr'>ex</span> 
     </span>
     <span class='ocr_line' id='line_1_29' title="bbox 247 3279 1320 3356; baseline -0.001 -20"><span class='ocrx_word' id='word_1_251' title='bbox 247 3281 348 3339; x_wconf 90' lang='lat' dir='ltr'>eodem</span> <span class='ocrx_word' id='word_1_252' title='bbox 373 3281 516 3356; x_wconf 81' lang='lat' dir='ltr'>scriptore</span> <span class='ocrx_word' id='word_1_253' title='bbox 538 3280 664 3341; x_wconf 86' lang='lat' dir='ltr'>noverit.</span> <span class='ocrx_word' id='word_1_254' title='bbox 708 3280 785 3339; x_wconf 85' lang='lat' dir='ltr'>Nam</span> <span class='ocrx_word' id='word_1_255' title='bbox 806 3286 895 3340; x_wconf 88' lang='lat' dir='ltr'>antea</span> <span class='ocrx_word' id='word_1_256' title='bbox 917 3279 1059 3339; x_wconf 88' lang='lat' dir='ltr'>Orontem</span> <span class='ocrx_word' id='word_1_257' title='bbox 1081 3281 1252 3340; x_wconf 89' lang='lat' dir='ltr'>recordatus</span> <span class='ocrx_word' id='word_1_258' title='bbox 1274 3285 1320 3336; x_wconf 88' lang='lat' dir='ltr'>cst</span> 
     </span>
     <span class='ocr_line' id='line_1_30' title="bbox 248 3381 1319 3460; baseline -0.005 -19"><span class='ocrx_word' id='word_1_259' title='bbox 248 3389 279 3443; x_wconf 91' lang='lat' dir='ltr'>et</span> <span class='ocrx_word' id='word_1_260' title='bbox 299 3383 409 3442; x_wconf 88' lang='lat' dir='ltr'>Nilum.</span> <span class='ocrx_word' id='word_1_261' title='bbox 453 3382 499 3440; x_wconf 89' lang='lat' dir='ltr'>De</span> <span class='ocrx_word' id='word_1_262' title='bbox 522 3381 578 3441; x_wconf 95' lang='lat' dir='ltr'>hoc</span> <span class='ocrx_word' id='word_1_263' title='bbox 599 3382 677 3439; x_wconf 89' lang='lat' dir='ltr'>idem</span> <span class='ocrx_word' id='word_1_264' title='bbox 700 3383 802 3441; x_wconf 89' lang='lat' dir='ltr'>docuit</span> <span class='ocrx_word' id='word_1_265' title='bbox 823 3383 936 3440; x_wconf 87' lang='lat' dir='ltr'>Seneca</span> <span class='ocrx_word' id='word_1_266' title='bbox 959 3382 1018 3454; x_wconf 86' lang='lat' dir='ltr'>VI,</span> <span class='ocrx_word' id='word_1_267' title='bbox 1037 3387 1069 3454; x_wconf 85' lang='lat'>8,</span> <span class='ocrx_word' id='word_1_268' title='bbox 1088 3387 1105 3439; x_wconf 86' lang='lat'><strong>3</strong></span> <span class='ocrx_word' id='word_1_269' title='bbox 1130 3401 1157 3460; x_wconf 65' lang='lat' dir='ltr'>,a</span> <span class='ocrx_word' id='word_1_270' title='bbox 1181 3391 1260 3439; x_wconf 79' lang='lat' dir='ltr'>terro</span> <span class='ocrx_word' id='word_1_271' title='bbox 1284 3381 1319 3436; x_wconf 84' lang='grc' dir='ltr'>ιἸ-</span> 
     </span>
     <span class='ocr_line' id='line_1_31' title="bbox 248 3483 1320 3562; baseline -0.005 -19"><span class='ocrx_word' id='word_1_272' title='bbox 248 3489 306 3545; x_wconf 84' lang='lat' dir='ltr'>lam</span> <span class='ocrx_word' id='word_1_273' title='bbox 328 3504 476 3562; x_wconf 78' lang='lat' dir='ltr'>erumpere</span> <span class='ocrx_word' id='word_1_274' title='bbox 497 3493 526 3540; x_wconf 85' lang='lat' dir='ltr'>et</span> <span class='ocrx_word' id='word_1_275' title='bbox 546 3486 653 3559; x_wconf 73' lang='lat' dir='ltr'>erugari</span> <span class='ocrx_word' id='word_1_276' title='bbox 673 3493 729 3542; x_wconf 81' lang='lat' dir='ltr'>aaa</span> <span class='ocrx_word' id='word_1_277' title='bbox 751 3487 884 3562; x_wconf 81' lang='lat' dir='ltr'>saperm&#39;c</span> <span class='ocrx_word' id='word_1_278' title='bbox 905 3487 997 3561; x_wconf 73' lang='lat' dir='ltr'>oqazh,</span> <span class='ocrx_word' id='word_1_279' title='bbox 1023 3487 1073 3542; x_wconf 84' lang='lat' dir='ltr'>sed</span> <span class='ocrx_word' id='word_1_280' title='bbox 1088 3505 1124 3541; x_wconf 79' lang='lat' dir='ltr'>em</span> <span class='ocrx_word' id='word_1_281' title='bbox 1140 3486 1237 3541; x_wconf 72' lang='lat' dir='ltr'>ao&#39;mo</span> <span class='ocrx_word' id='word_1_282' title='bbox 1255 3483 1320 3540; x_wconf 82' lang='lat' dir='ltr'>red-</span> 
     </span>
     <span class='ocr_line' id='line_1_32' title="bbox 247 3586 1318 3667; baseline -0.002 -23"><span class='ocrx_word' id='word_1_283' title='bbox 247 3587 336 3658; x_wconf 79' lang='lat' dir='ltr'>dr&#39;a&#39;o&#39;,</span> <span class='ocrx_word' id='word_1_284' title='bbox 362 3589 398 3646; x_wconf 93' lang='lat' dir='ltr'>de</span> <span class='ocrx_word' id='word_1_285' title='bbox 419 3586 471 3646; x_wconf 93' lang='lat' dir='ltr'>illo</span> <span class='ocrx_word' id='word_1_286' title='bbox 494 3587 659 3647; x_wconf 76' lang='lat' dir='ltr'>accuratius</span> <span class='ocrx_word' id='word_1_287' title='bbox 681 3587 760 3667; x_wconf 77' lang='lat' dir='ltr'>idem</span> <span class='ocrx_word' id='word_1_288' title='bbox 783 3586 922 3665; x_wconf 87' lang='lat' dir='ltr'>exposuit</span> <span class='ocrx_word' id='word_1_289' title='bbox 942 3586 1048 3646; x_wconf 85' lang='lat' dir='ltr'>Strabo</span> <span class='ocrx_word' id='word_1_290' title='bbox 1071 3607 1099 3664; x_wconf 89' lang='lat' dir='ltr'>p.</span> <span class='ocrx_word' id='word_1_291' title='bbox 1117 3587 1174 3645; x_wconf 87' lang='grc'>751</span> <span class='ocrx_word' id='word_1_292' title='bbox 1201 3605 1240 3643; x_wconf 86' lang='lat' dir='ltr'>ex</span> <span class='ocrx_word' id='word_1_293' title='bbox 1261 3586 1318 3642; x_wconf 90' lang='lat' dir='ltr'>Po-</span> 
     </span>
     <span class='ocr_line' id='line_1_33' title="bbox 248 3688 1319 3766; baseline -0.005 -16"><span class='ocrx_word' id='word_1_294' title='bbox 248 3690 373 3761; x_wconf 89' lang='lat' dir='ltr'>sidonio,</span> <span class='ocrx_word' id='word_1_295' title='bbox 395 3695 429 3749; x_wconf 89' lang='lat' dir='ltr'>ut</span> <span class='ocrx_word' id='word_1_296' title='bbox 444 3691 558 3766; x_wconf 88' lang='lat' dir='ltr'>opinor.</span> <span class='ocrx_word' id='word_1_297' title='bbox 588 3690 664 3748; x_wconf 87' lang='lat' dir='ltr'>Nam</span> <span class='ocrx_word' id='word_1_298' title='bbox 680 3691 716 3749; x_wconf 93' lang='lat' dir='ltr'>de</span> <span class='ocrx_word' id='word_1_299' title='bbox 731 3690 809 3749; x_wconf 90' lang='lat' dir='ltr'>ludis</span> <span class='ocrx_word' id='word_1_300' title='bbox 824 3691 861 3748; x_wconf 90' lang='lat' dir='ltr'>ab</span> <span class='ocrx_word' id='word_1_301' title='bbox 876 3690 1027 3750; x_wconf 86' lang='lat' dir='ltr'>Antiocho</span> <span class='ocrx_word' id='word_1_302' title='bbox 1043 3691 1130 3758; x_wconf 83' lang='lat' dir='ltr'>factis</span> <span class='ocrx_word' id='word_1_303' title='bbox 1144 3691 1175 3748; x_wconf 90' lang='lat' dir='ltr'>in</span> <span class='ocrx_word' id='word_1_304' title='bbox 1192 3688 1319 3765; x_wconf 91' lang='lat' dir='ltr'>Daphne</span> 
     </span>
     <span class='ocr_line' id='line_1_34' title="bbox 248 3791 1319 3868; baseline -0.004 -16"><span class='ocrx_word' id='word_1_305' title='bbox 248 3791 389 3868; x_wconf 89' lang='lat' dir='ltr'>oppidulo</span> <span class='ocrx_word' id='word_1_306' title='bbox 412 3794 489 3868; x_wconf 91' lang='lat' dir='ltr'>apud</span> <span class='ocrx_word' id='word_1_307' title='bbox 514 3793 698 3851; x_wconf 84' lang='lat' dir='ltr'>Athenaeum</span> <span class='ocrx_word' id='word_1_308' title='bbox 722 3794 820 3852; x_wconf 82' lang='lat'>2101)</span> <span class='ocrx_word' id='word_1_309' title='bbox 844 3798 874 3852; x_wconf 92' lang='lat' dir='ltr'>et</span> <span class='ocrx_word' id='word_1_310' title='bbox 898 3796 993 3851; x_wconf 81' lang='lat' dir='ltr'>540A</span> <span class='ocrx_word' id='word_1_311' title='bbox 1023 3793 1111 3852; x_wconf 89' lang='lat' dir='ltr'>etde</span> <span class='ocrx_word' id='word_1_312' title='bbox 1134 3793 1319 3852; x_wconf 89' lang='lat' dir='ltr'>Heracleone</span> 
     </span>
     <span class='ocr_line' id='line_1_35' title="bbox 247 3893 1318 3973; baseline -0.002 -19"><span class='ocrx_word' id='word_1_313' title='bbox 247 3895 389 3954; x_wconf 86' lang='lat' dir='ltr'>Beroensi</span> <span class='ocrx_word' id='word_1_314' title='bbox 412 3895 445 3952; x_wconf 90' lang='lat' dir='ltr'>in</span> <span class='ocrx_word' id='word_1_315' title='bbox 467 3894 526 3952; x_wconf 88' lang='lat' dir='ltr'>fine</span> <span class='ocrx_word' id='word_1_316' title='bbox 549 3893 566 3973; x_wconf 62' lang='grc' dir='ltr'>ξ</span> <span class='ocrx_word' id='word_1_317' title='bbox 587 3898 603 3952; x_wconf 85' lang='lat'><strong>7</strong></span> <span class='ocrx_word' id='word_1_318' title='bbox 627 3896 706 3971; x_wconf 88' lang='lat' dir='ltr'>apud</span> <span class='ocrx_word' id='word_1_319' title='bbox 729 3896 916 3955; x_wconf 84' lang='lat' dir='ltr'>Athenaeum</span> <span class='ocrx_word' id='word_1_320' title='bbox 942 3897 1037 3954; x_wconf 81' lang='grc' dir='ltr'><strong>155Β</strong></span> <span class='ocrx_word' id='word_1_321' title='bbox 1064 3896 1143 3955; x_wconf 90' lang='lat' dir='ltr'>idem</span> <span class='ocrx_word' id='word_1_322' title='bbox 1173 3896 1225 3954; x_wconf 90' lang='lat' dir='ltr'>illc</span> <span class='ocrx_word' id='word_1_323' title='bbox 1247 3895 1318 3954; x_wconf 88' lang='lat' dir='ltr'>scri-</span> 
     </span>
     <span class='ocr_line' id='line_1_36' title="bbox 246 3995 1318 4078; baseline -0.003 -23"><span class='ocrx_word' id='word_1_324' title='bbox 246 3997 315 4072; x_wconf 86' lang='lat' dir='ltr'>psit.</span> <span class='ocrx_word' id='word_1_325' title='bbox 367 3995 440 4053; x_wconf 81' lang='lat' dir='ltr'>Tum</span> <span class='ocrx_word' id='word_1_326' title='bbox 475 3996 567 4055; x_wconf 90' lang='lat' dir='ltr'>Plinii</span> <span class='ocrx_word' id='word_1_327' title='bbox 600 3997 792 4073; x_wconf 86' lang='lat' dir='ltr'>descriptioni</span> <span class='ocrx_word' id='word_1_328' title='bbox 827 3999 1005 4074; x_wconf 84' lang='lat' dir='ltr'>Asphaltitis</span> <span class='ocrx_word' id='word_1_329' title='bbox 1039 3999 1136 4059; x_wconf 89' lang='lat' dir='ltr'>lacus:</span> <span class='ocrx_word' id='word_1_330' title='bbox 1171 3999 1255 4078; x_wconf 75' lang='lat' dir='ltr'>,uitia</span> <span class='ocrx_word' id='word_1_331' title='bbox 1288 3999 1318 4053; x_wconf 77' lang='lat' dir='ltr'>in</span> 
     </span>
     <span class='ocr_line' id='line_1_37' title="bbox 247 4098 1319 4178; baseline 0 -22"><span class='ocrx_word' id='word_1_332' title='bbox 247 4099 414 4175; x_wconf 77' lang='lat' dir='ltr'>Asphaltite</span> <span class='ocrx_word' id='word_1_333' title='bbox 443 4099 565 4158; x_wconf 83' lang='lat' dir='ltr'>Iudaeae</span> <span class='ocrx_word' id='word_1_334' title='bbox 594 4101 676 4171; x_wconf 86' lang='lat' dir='ltr'>luca,</span> <span class='ocrx_word' id='word_1_335' title='bbox 709 4104 761 4177; x_wconf 86' lang='lat' dir='ltr'>qar&#39;</span> <span class='ocrx_word' id='word_1_336' title='bbox 788 4100 910 4159; x_wconf 80' lang='lat' dir='ltr'>bitumen</span> <span class='ocrx_word' id='word_1_337' title='bbox 936 4103 1050 4178; x_wconf 79' lang='lat' dir='ltr'>gr&#39;gar&#39;t,</span> <span class='ocrx_word' id='word_1_338' title='bbox 1085 4105 1178 4178; x_wconf 77' lang='lat' dir='ltr'>mergi</span> <span class='ocrx_word' id='word_1_339' title='bbox 1200 4098 1319 4178; x_wconf 78' lang='lat' dir='ltr'>potera&#39;</span> 
     </span>
     <span class='ocr_line' id='line_1_38' title="bbox 248 4199 1318 4282; baseline 0.004 -24"><span class='ocrx_word' id='word_1_340' title='bbox 248 4200 278 4278; x_wconf 64' lang='grc' dir='ltr'>(ἓ</span> <span class='ocrx_word' id='word_1_341' title='bbox 298 4199 372 4277; x_wconf 79' lang='lat'>226)</span> <span class='ocrx_word' id='word_1_342' title='bbox 394 4202 554 4278; x_wconf 89' lang='lat' dir='ltr'>respondet</span> <span class='ocrx_word' id='word_1_343' title='bbox 575 4202 775 4263; x_wconf 90' lang='lat' dir='ltr'>Posidoniana</span> <span class='ocrx_word' id='word_1_344' title='bbox 796 4205 874 4280; x_wconf 85' lang='lat' dir='ltr'>apud</span> <span class='ocrx_word' id='word_1_345' title='bbox 896 4203 1072 4265; x_wconf 84' lang='lat' dir='ltr'>Strabonem</span> <span class='ocrx_word' id='word_1_346' title='bbox 1094 4205 1179 4278; x_wconf 86' lang='lat' dir='ltr'>XVI,</span> <span class='ocrx_word' id='word_1_347' title='bbox 1197 4203 1257 4262; x_wconf 79' lang='lat'>763</span> <span class='ocrx_word' id='word_1_348' title='bbox 1273 4223 1318 4282; x_wconf 86' lang='lat' dir='ltr'>sq.</span> 
     </span>
    </p>
   </div>
   <div class='ocr_carea' id='block_1_5' title="bbox 0 0 1508 4820">
    <p class='ocr_par' dir='ltr' id='par_1_5' title="bbox 0 0 1508 4820">
     <span class='ocr_line' id='line_1_39' title="bbox 0 0 1508 4820; baseline 0 0"><span class='ocrx_word' id='word_1_349' title='bbox 0 0 1508 4820; x_wconf 95' lang='lat' dir='ltr'> </span> 
     </span>
    </p>
   </div>
  </div>
 </body>
</html>
