3004 4828
584 347 825 412 .-a-

192 504 294 580 depuis
315 522 432 582 cumque
454 506 528 576 0515,
562 504 642 586 quod
665 504 873 565 Lachmannus
896 504 1053 564 emendare
1076 507 1199 565 oonetus
1221 507 1267 565 est

190 608 247 667 hoo
262 606 367 667 modo:
389 615 427 686 ,et
448 606 500 666 ubi
520 608 584 686 lupi
604 626 720 685 utcmque
742 605 824 666 urui'.
861 607 972 668 Tamen
987 607 1043 668 hao
1056 605 1264 688 emendatione

190 709 349 769 difficultas
379 710 496 774 sublata
522 729 582 769 505
610 713 663 770 est.
707 707 774 769 Iam
794 710 827 769 in
848 710 948 773 verbis
976 709 1159 797 ί50051500
1181 708 1265 768 exul·

189 791 1266 893 mmmmfflmmmmfflmme

189 935 308 992 possum
331 919 421 996 atque
443 915 607 975 subiectum
630 933 694 975 esse
716 907 819 1002 ‘teota’,
842 934 918 994 quae
935 934 996 974 505
1014 913 1112 974 minus
1128 913 1266 975 exultant

190 1037 278 1096 quam
300 1023 381 1078 terra
402 1018 503 1078 tremit
527 1017 558 1076 in
581 1039 630 1080 vv.
649 1022 709 1076 544
722 1038 788 1098 sqq.
833 1021 873 1078 At
895 1018 919 1078 si
942 1037 1045 1080 vooem
1068 1017 1173 1077 domus
1195 1016 1265 1076 sub-

189 1120 347 1195 stituimus,
369 1141 441 1180 num
463 1125 541 1182 stare
563 1124 663 1198 potest
683 1112 948 1207 ι0510055150νίοῗ
970 1120 1116 1201 quianon
1130 1119 1264 1180 ubioum-

189 1242 247 1302 que
268 1222 329 1284 viai
352 1224 455 1283 domus
477 1221 564 1283 sunt?
585 1257 627 1268 -
649 1224 757 1298 Audio,
779 1223 831 1282 sed
853 1223 878 1283 si
900 1227 989 1300 poeta
1010 1225 1098 1282 antea
1119 1221 1155 1280 de
1177 1222 1264 1284 teotie

189 1327 412 1403 propterviam
441 1326 558 1387 loeutus
581 1332 641 1400 est,
672 1327 760 1386 etiam
783 1347 831 1388 vv.
849 1329 910 1384 550
925 1344 990 1406 sqq.
1012 1327 1129 1384 tautum
1156 1325 1192 1383 de
1213 1325 1264 1385 via

189 1429 271 1508 loqui
293 1429 400 1506 potuit,
422 1428 508 1495 iuxta
530 1448 618 1508 quam
642 1430 744 1488 domus
766 1429 881 1506 positae
904 1433 989 1502 suut,
1011 1427 1173 1505 praecipue
1196 1447 1262 1488 oum

187 1531 219 1590 in
242 1532 379 1592 omnibus
400 1531 448 1591 his
469 1531 614 1604 versibus,
638 1530 801 1610 dequibus
822 1531 929 1607 agitur,
953 1529 1039 1589 modo
1055 1549 1147 1589 uuum
1162 1549 1262 1590 exem-

186 1633 268 1712 plum
284 1639 391 1695 exstet.
435 1634 532 1696 Etiam
557 1635 614 1694 alia
632 1633 847 1694 dubitationem
868 1633 954 1694 nobis
972 1636 1102 1706 movent,
1125 1635 1150 1694 ei
1168 1633 1262 1693 Laoh-

185 1757 326 1798 mannum
349 1737 508 1818 sequimur.
553 1737 685 1796 Primum
709 1738 788 1796 enim
812 1739 869 1796 duo
893 1735 1030 1813 exempla
1052 1755 1091 1794 ex
1112 1756 1173 1797 uno
1195 1736 1262 1796 red-

187 1839 278 1900 didit:
300 1841 389 1926 ‘quod
410 1844 491 1900 terra
512 1844 661 1913 tremeret,
685 1839 792 1899 mirum
815 1860 875 1899 505
898 1857 972 1911 esse,
995 1837 1135 1919 quoniam
1158 1838 1261 1898 domus

185 1961 278 2019 parvo
299 1943 430 2020 pondere
451 1942 578 2019 plaustri
601 1961 743 2002 oonousea
765 1943 935 2017 vacillaret,
968 1961 1022 2002 neo
1052 1940 1151 2000 minus
1178 1941 1262 2001 exul·

186 2050 264 2106 taret
285 2065 374 2127 quam
396 2049 492 2116 terra,
518 2050 549 2104 et
569 2043 677 2104 iterum
701 2051 879 2120 moveretur,
902 2044 1082 2124 ubioumque
1102 2043 1163 2105 viai
1185 2044 1262 2122 lepis

183 2149 308 2210 ferratas
337 2149 487 2228 utrimque
515 2152 595 2208 rotas
624 2141 808 2210 suoouteret.’
850 2149 924 2208 Tum
953 2147 1095 2225 profiteor
1123 2166 1169 2207 me
1199 2167 1261 2207 505

183 2250 368 2326 intellegere,
391 2270 451 2330 quo
466 2251 553 2309 modo
576 2258 666 2327 poete
688 2252 785 2312 dioere
807 2253 902 2330 possit
918 2253 1037 2330 domum
1052 2250 1170 2312 oonouti
1186 2270 1260 2328 pon-

184 2355 254 2412 dere
284 2352 424 2429 plaustri,
456 2352 513 2412 nisi
536 2352 677 2414 adiecerit
705 2355 869 2431 plaustrum
892 2353 970 2415 vehi.
1017 2352 1259 2417 Quamobrem

183 2475 233 2517 vv.
249 2458 309 2512 550
323 2473 387 2535 sqq.
403 2458 516 2515 motum
539 2457 672 2532 serpenti
695 2458 865 2534 significari,
889 2456 1190 2534 oouiunetionemque
1213 2448 1260 2543 ‘et’

182 2557 214 2617 in
229 2558 322 2618 verbo
345 2558 453 2618 tradito
476 2548 523 2642 ‘es’
546 2578 608 2618 505
622 2559 717 2620 latere
733 2563 869 2622 arbitror.
913 2560 1052 2640 Denique
1068 2559 1258 2621 Laohmanno

181 2661 270 2720 fidem
292 2679 353 2719 non
375 2659 567 2734 habebimus,
601 2664 681 2742 quod
703 2663 881 2724 Susemihlio
905 2666 1097 2740 praeceptore
1118 2662 1258 2724 illustris-

181 2763 255 2824 simo
271 2767 412 2822 monente
427 2766 552 2837 constat,
574 2763 634 2824 iam
657 2785 749 2824 unum
770 2766 901 2843 lapidem
922 2771 1003 2826 rotas
1025 2765 1176 2846 utrimque
1198 2767 1217 2825 i.
1231 2785 1257 2826 e.

180 2866 217 2927 ab
233 2870 360 2946 utroque
381 2864 513 2943 plaustri
522 2867 623 2940 latere,
647 2873 800 2929 suooutere
815 2886 911 2946 posse.
955 2870 1062 2948 Itaque
1076 2869 1177 2930 verbis
1193 2889 1272 2938 eor-¹

178 2967 276 3046 ruptis
305 2987 345 3056 ‘es
367 2959 483 3045 dupuis'
505 3001 546 3011 -
568 2987 637 3029 uam
659 2990 794 3056 ‘eumque
817 2963 885 3034 viai’
917 2970 1079 3032 oertissime
1102 2973 1258 3034 emendata

180 3074 314 3132 0551-
335 3070 449 3150 aliquid
471 3071 569 3131 inesse
592 3072 694 3148 debet,
729 3077 808 3155 quod
829 3079 925 3134 rotam
947 3080 1105 3153 utramque
1127 3075 1256 3153 priorem

179 3173 228 3234 vel
249 3174 445 3250 posteriorem
468 3174 608 3234 offendat.
651 3177 735 3236 Idem
759 3177 929 3254 exemplum
956 3177 1082 3252 legimus
1104 3179 1183 3255 apud
1204 3178 1256 3238 Se·

178 3295 282 3336 50055
297 3276 335 3335 Ν.
349 3274 385 3339 Q.
401 3275 452 3350 VI,
470 3281 520 3350 22,
540 3282 572 3337 1:
593 3279 641 3356 ,Si
660 3281 774 3357 quando
797 3299 903 3357 magno
926 3299 1014 3339 onera
1032 3301 1088 3359 per
1110 3284 1187 3341 oleos
1210 3301 1255 3340 oe·

179 3378 341 3437 hr‘oulorum
360 3379 489 3457 plurium
512 3389 608 3439 tracta
629 3391 706 3454 sunt,
732 3391 762 3440 et
775 3392 857 3442 rotae
873 3387 982 3443 maiore
995 3386 1062 3444 nr‘su
1076 3387 1106 3444 r‘n
1121 3384 1254 3444 salebras

131 3643 134 3646 ·
178 3619 302 3680 Berglrius
320 3619 356 3685 (15
374 3618 446 3667 Iahni
463 3621 553 3669 annall.
573 3626 632 3671 tom.
646 3621 678 3670 67
697 3637 721 3684 p.
736 3619 808 3687 em:
832 3624 1093 3673 momenmentum
1110 3626 1185 3687 mpa'e,
1203 3625 1253 3672 ubi·

178 3719 266 3766 cunque
277 3706 331 3754 0101
341 3701 468 3771 ssserrutoe
486 3707 574 3767 euripo
590 3714 699 3756 rotarum
717 3710 817 3757 0005051
834 3709 910 3769 ordea,
929 3724 992 3770 quae
1005 3711 1146 3759 oouieotura
1163 3712 1187 3760 ei
1204 3712 1253 3773 ipsi

177 3805 227 3839 nou
253 3792 383 3840 satisfacit.
419 3791 541 3841 Christius
565 3789 668 3860 (quaest.
687 3795 760 3844 Luor.
787 3796 995 3844 Μο5005111855
1020 3811 1046 3858 p.
1060 3796 1118 3861 26):
1145 3797 1253 3846 exaltarat

176 3877 250 3937 redae,
268 3877 399 3938 0510500000
416 3879 473 3925 oriri.
511 3877 666 3940 Grasberger
687 3879 727 3946 (de
745 3882 819 3930 Luor.
839 3896 913 3932 earm.
935 3882 993 3931 diss.
1013 3883 1138 3932 5105005ὶὶ
1159 3881 1249 3947 1856):

177 3962 244 4011 aedes
266 3963 408 4024 aliquisque
425 3965 483 4013 uiui.
518 3966 587 4014 Polle
612 3965 708 4031 (philol.
728 3971 760 4017 26
778 3983 803 4029 p.
816 3968 890 4034 281):
917 3984 992 4016 oraro
1015 3969 1083 4018 umbo
1107 3968 1249 4031 ubicumque.

176 4049 271 4098 Goebel
287 4050 398 4116 (Quaest.
416 4052 490 4100 Luor.
509 4053 608 4100 eritioae
627 4053 764 4115 Salisburgi
783 4057 849 4105 1851
867 4071 892 4117 p.
906 4053 966 4124 27),
984 4057 1091 4104 05011050
1108 4057 1132 4104 aa*
1147 4072 1196 4118 000
1213 4058 1249 4104 oie

174 4151 265 4198 cunque
281 4137 339 4184 uiui.
375 4137 506 4188 Mauroue:
533 4154 634 4200 scrupos
651 4141 783 4201 quieteque
800 4143 857 4190 oroi.
894 4143 1112 4193 Boukemiillerus:
1137 4158 1175 4191 ree
1193 4144 1250 4192 dum

174 4239 212 4273 ora
228 4239 302 4286 00000
319 4239 377 4272 usur.
