3004 4828
627 403 839 468 -49-

197 559 278 636 Ergo
299 579 392 620 unum
415 562 587 638 paradoxon
609 565 716 637 poetae
738 560 830 622 stoioo
859 559 904 619 illi
932 559 1110 638 philosopho
1138 561 1197 621 inm
1219 563 1269 622 ad-

197 661 311 739 scripsi.
354 661 411 722 Sed
434 661 492 722 alia
513 661 675 733 mirabilia,
708 683 784 742 quae
805 669 895 740 poeta
917 663 1071 741 exposuit,
1099 663 1190 723 iidem
1216 665 1269 725 tri-

138 779 140 786 ’
197 765 315 824 buendn
330 784 395 825 esse
411 765 489 826 fonti
508 766 653 842 nuspiam,
693 767 731 825 In
753 787 801 827 vv.
820 767 987 825 738—840
1009 767 1045 828 do
1066 767 1133 826 laon
1146 770 1268 827 Averno

154 919 165 946 ‚
197 867 309 942 egitur,
333 870 412 944 apud
434 869 539 928 (inmas
561 868 635 941 sito,
668 869 743 947 ‘aeri
761 869 880 947 sulpure
902 871 1006 928 montes
1030 870 1147 947 Oppleti
1165 871 1270 928 calidis

197 969 248 1028 ndi
266 969 388 1050 famant
406 969 543 1050 sontibus
564 970 658 1029 naeti'
688 972 724 1030 do
746 971 854 1050 quibus
875 971 981 1030 Strabo
1004 971 1031 1034 V
1053 991 1082 1048 p.
1100 975 1161 1030 244
1185 971 1271 1033 disis:

196 1062 249 1130 ado
276 1090 306 1130 τε
334 1070 598 1152 Πυριφλεγέθοντα
628 1069 661 1132 ἐκ
683 1075 742 1132 τῶν
764 1065 1036 1152 θερμῶννῦδάτων
1064 1071 1270 1154 ἐτεκμαίροντο

197 1176 258 1234 noio
280 1174 404 1254 πλησίον
425 1171 478 1235 καὶ
501 1177 554 1252 τῆς
574 1169 770 1255 Ἀχερουσίας.
813 1176 928 1237 Fabula
951 1178 986 1236 de
1009 1177 1099 1238 odore
1128 1177 1270 1254 pestifero

196 1279 278 1338 laeuo
309 1279 423 1338 Averni
454 1279 554 1356 paullo
586 1281 703 1338 demum
735 1283 804 1339 onte
836 1280 967 1341 Lucretii
1000 1283 1128 1340 sentem
1158 1281 1271 1339 Romae

197 1381 285 1440 fidem
307 1381 445 1442 habuisse
467 1381 599 1456 videtur,
628 1402 696 1451 nam
719 1383 835 1443 Caelius
857 1383 1017 1460 Antipater
1039 1383 1117 1460 apud
1139 1381 1270 1442 Plinium

197 1483 318 1556 XXXI,
338 1489 377 1541 21
408 1484 532 1546 tradidit
560 1483 711 1545 Timaeum
741 1490 874 1546 secutus:
906 1487 992 1564 ‘apud
1018 1504 1070 1545 nos
1099 1486 1128 1544 in
1151 1487 1269 1544 Averno

196 1589 281 1646 ettam
303 1586 384 1666 solia
414 1586 580 1660 srabsidere’,
613 1588 723 1663 Venno,
754 1595 788 1651 ui
817 1589 937 1651 videtur
968 1589 1000 1648 in
1033 1587 1137 1666 primis
1168 1586 1273 1647 retulit

195 1710 270 1770 ‘aves
292 1709 364 1769 quae
386 1689 584 1750 advolaverint
605 1690 718 1750 emori.’
761 1693 870 1752 Postea
884 1693 949 1752 eius
962 1691 1010 1753 vis
1032 1689 1186 1752 mortifere
1207 1708 1270 1750 sao·

195 1792 317 1871 pissimo
346 1797 599 1854 oommemoratur.
643 1796 755 1854 Eodem
778 1800 877 1855 antem
898 1795 1002 1869 modo,
1033 1814 1092 1874 quo
1114 1793 1270 1854 Lueretius

196 1897 229 1954 in
251 1917 299 1957 vv.
316 1895 462 1955 738-46
486 1901 516 1956 ei
539 1902 700 1980 818-29,
724 1900 760 1958 de
783 1898 893 1958 talibus
914 1897 988 1957 loeis
1008 1895 1115 1957 Iioliao
1138 1895 1270 1974 disputat

197 1986 309 2058 Sennea
329 2000 365 2059 N.
383 1996 419 2061 Q.
436 1999 487 2073 VI,
505 2004 554 2073 28,
574 2005 606 2060 1:
627 2000 721 2078 ‘Quid
747 2001 823 2078 qnod
840 1999 976 2078 plnrilns
996 2001 1103 2059 Italiae
1125 2000 1198 2058 loeas
1216 2017 1270 2077 per

197 2102 333 2184 quaedam
347 2100 498 2180 foramina
517 2105 655 2180 pestilens
678 2103 835 2162 endalatar
857 2087 959 2180 vapor,
985 2121 1063 2181 qoem
1085 2122 1142 2162 non
1164 2103 1273 2160 domini

195 2205 315 2276 dooere,
349 2224 405 2263 non
418 2203 508 2283 serae
536 2215 625 2264 tastum
646 2211 713 2265 est?
744 2225 810 2264 aves
831 2224 940 2286 quoqne
960 2208 1039 2264 siin
1062 2206 1142 2264 illam
1165 2205 1270 2264 inarde-

196 2308 272 2377 rint,
303 2317 454 2384 antequam
476 2309 554 2368 eaelo
576 2310 693 2369 meliore
715 2309 860 2379 leniatur,
895 2310 925 2366 in
948 2310 1008 2385 ipso
1037 2307 1133 2366 volate
1163 2307 1271 2364 eadunt

197 2410 338 2488 liventque
359 2428 483 2487 eorpara
505 2420 534 2468 et
554 2432 610 2470 non
633 2413 719 2470 aliter
740 2429 822 2490 qnam
842 2429 897 2489 per
919 2414 975 2469 nim
993 2409 1081 2468 elz‘sae
1098 2408 1202 2488 fauces
1225 2417 1270 2466 tte·

196 2519 281 2570 ment.
327 2512 381 2570 Hie
408 2515 531 2590 spiritus
557 2515 690 2593 quamdin
721 2516 809 2572 terrr's
835 2514 998 2572 eonta'raetnr
1022 2514 1101 2571 tenni
1119 2510 1270 2591 foramine

184 2615 295 2694 fluens,
321 2633 378 2673 non
395 2617 466 2692 ples
484 2619 631 2694 potentin
652 2615 746 2689 labet,
771 2636 855 2695 quarn
879 2625 910 2674 ot
928 2617 1119 2692 despectantia
1142 2615 1175 2671 et‘
1191 2613 1268 2670 altro

193 2716 251 2775 sibi
270 2717 363 2776 inlata
386 2716 532 2796 eonfioiat.
565 2719 616 2778 ali
637 2739 692 2798 per
720 2721 818 2778 seenla
845 2718 977 2778 conditus
1006 2716 1130 2776 tenebris
1158 2733 1194 2772 ao
1216 2715 1269 2772 tri·

194 2819 275 2876 stitia
298 2817 358 2876 loei
378 2822 470 2879 erevit
490 2824 519 2880 in
541 2824 657 2894 vitiam,
691 2824 756 2899 ipsa
779 2823 956 2900 ingravescit
977 2839 1075 2891 mora,
1107 2820 1193 2896 peior
1214 2835 1269 2895 qno

194 2923 322 2998 segnior.
358 2940 421 2980 enm
443 2926 552 2984 emitum
574 2935 676 2984 naetns
697 2936 755 2997 est,
789 2935 933 2984 aeternam
962 2923 1037 2983 illud
1062 2922 1190 2983 umbrosi
1205 2921 1269 3002 sri-

191 3025 276 3100 goris
298 3023 402 3083 malam
424 3035 453 3085 et
473 3027 616 3107 infernam
633 3038 740 3087 nostem
760 3029 848 3087 ooloit
864 3046 900 3085 ae
913 3027 1041 3104 regnanti
1062 3035 1179 3086 normae
1198 3029 1268 3084 aira

195 3126 341 3204 insuseat.'
363 3146 445 3208 aqs.
489 3129 592 3190 Simile
613 3130 727 3212 aliquid
749 3131 828 3190 idem
848 3129 952 3191 retulit
972 3129 1032 3204 111,
1049 3134 1105 3190 21:
1127 3128 1171 3208 ⁴In
1185 3147 1268 3207 qnos·

193 3228 258 3286 dam
273 3248 374 3307 speom
395 3231 447 3309 qai
466 3230 628 3310 despexere,
654 3235 827 3292 morientur.
859 3242 917 3291 tam
935 3233 1019 3291 aelon
1034 3232 1140 3292 malam
1156 3241 1209 3305 est,
1237 3241 1270 3290 ut

195 3331 406 3390 transvolantes
434 3352 501 3391 noes
522 3336 645 3394 deieiat:
679 3336 746 3394 lalis
767 3339 900 3406 coteler,
932 3336 999 3394 talis
1021 3335 1119 3407 loeus,
1152 3355 1190 3394 ear
1211 3355 1266 3414 qao

194 3432 290 3491 letalis
310 3452 385 3512 aqna
407 3435 543 3496 distillat.
591 3439 672 3514 Quod
691 3442 720 3498 si
739 3440 887 3498 remissior
907 3437 973 3517 soil
994 3441 1072 3497 airas
1093 3447 1121 3497 et
1142 3439 1201 3498 loai
1216 3459 1267 3517 pe-

193 3535 258 3607 stis,
282 3536 343 3613 apsa
367 3557 474 3617 quoqne
497 3543 681 3619 temperatior
702 3561 779 3601 nona
802 3541 878 3600 nr'ltil
897 3541 1020 3618 amplias
1042 3559 1126 3619 qnam
1148 3550 1267 3619 temptat

263 3762 307 3827 38)
331 3765 412 3814 Etiam
429 3767 580 3826 Pomponius
597 3767 663 3813 Mola
680 3765 714 3824 11,
731 3767 763 3814 43
783 3762 816 3830 (p.
830 3766 872 3823 43,
887 3767 918 3812 12
932 3777 984 3824 sqq.
1003 3762 1131 3827 Parthay.)
1150 3769 1173 3810 ot
1191 3763 1267 3810 Plinii

195 3851 239 3915 (11,
253 3848 313 3916 228)
331 3857 416 3900 auctor
428 3853 458 3900 do
470 3854 537 3900 fonte
549 3853 685 3899 Dodonaeo
703 3851 834 3899 abeodem
852 3851 917 3898 libro
929 3850 1036 3911 pendere
1050 3850 1172 3898 videntur.
1194 3850 1266 3898 Pom·

194 3937 283 3998 ponins
308 3938 378 3986 dicit:
405 3939 441 4002 ‘In
458 3939 537 3999 Epiro
556 3939 671 3986 Dodonae
689 3937 758 3985 Jaaie
774 3937 883 3998 templum
908 3945 930 3984 el
944 3939 1006 4000 forn
1022 3937 1076 3984 ideo
1094 3951 1177 3996 saeer,
1202 3935 1268 3996 qnod

196 4038 249 4070 enm
267 4022 299 4071 eit
308 4025 420 4086 sriqidne
437 4031 459 4072 el
470 4026 593 4072 immersas
604 4025 678 4086 fares
696 4025 755 4072 emant
773 4025 844 4072 ceteri
861 4023 1002 4084 eradinqrmt,
1019 4023 1061 4071 aot
1076 4023 1126 4071 sirie
1143 4025 1197 4084 iqne
1208 4038 1266 4084 pra·

194 4110 234 4158 oni
250 4111 418 4171 admonentur,
436 4110 561 4160 aseendit!
594 4113 703 4160 Plinius:
728 4112 765 4176 ‘In
783 4111 883 4159 Dodone
899 4111 967 4158 Joois
976 4111 1039 4172 fone
1057 4126 1108 4159 oum
1125 4112 1157 4160 sit
1173 4110 1266 4171 qelo'dns

195 4204 217 4245 et
233 4197 357 4246 immersae
366 4198 437 4259 focis
454 4201 596 4260 eestinqaat,
614 4200 638 4247 ei
653 4199 783 4247 maiman
800 4200 979 4258 admoneamur,
997 4199 1113 4248 aooendit.
1142 4201 1204 4248 idem
1220 4216 1266 4248 me·

193 4283 256 4332 ridie
273 4301 363 4350 semper
381 4285 466 4348 defieri,
485 4301 532 4346 qna
550 4287 580 4334 de
597 4301 673 4334 oense
690 4277 878 4349 ἀναπαυόμενον
895 4283 997 4334 noram!
1013 4299 1078 4346 aqs.

1040 4380 1058 4432 4
