3004 4828
690 388 881 492 „q-

248 545 332 602 -24
355 541 489 604 Thaletis
511 544 689 604 sententiam
717 545 795 621 apud
816 544 988 605 Lucretium
1010 544 1156 605 contineri
1177 513 1338 620 doxograss

247 644 325 721 phus
345 645 399 719 IV,
419 649 444 719 1,
464 649 477 704 1
504 644 634 706 ostendit
656 647 699 724 (et
712 646 861 708 Diodorus
876 649 900 721 1,
918 653 967 723 38,
985 653 1034 723 85,
1056 652 1087 708 et
1101 646 1214 708 Seneca
1230 648 1267 706 N.
1284 645 1321 711 Q.

245 747 300 820 IV,
317 752 345 822 2,
362 747 424 825 22),
447 769 496 810 vv.
513 748 659 807 729-85
676 748 865 810 Callisthenis
880 751 1053 811 Athenaeus
1066 753 1108 825 ΙΙ,
1126 751 1175 824 87,
1197 771 1246 812 vv.
1259 751 1319 810 735

246 850 329 909 -et
352 853 551 928 Anaxagorae
569 851 618 912 vel
634 850 786 936 Euripidi-s
802 851 1012 929 doxographns
1033 853 1088 928 IV,
1107 857 1133 928 1,
1149 858 1167 912 8
1191 854 1235 934 (et
1248 853 1321 912 Dio·

247 953 336 1013 dorus
356 951 412 1012 1.1.
434 956 466 1014 et
486 953 599 1014 Seneoe
620 954 674 1028 IV,
692 957 720 1027 2,
741 954 776 1012 17
800 958 830 1014 et
851 955 1024 1016 Athenaeus
1045 957 1086 1029 ΙΙ,
1105 955 1167 1034 87).

341 1055 414 1114 Cum
444 1062 551 1133 poetae
580 1055 707 1117 Romani
738 1056 908 1118 auctoribus
939 1037 1092 1136 oomposui
1122 1058 1319 1137 Pomponium

245 1157 363 1231 Melam,
387 1159 439 1239 qui
460 1158 539 1218 idem
557 1178 674 1220 oausam
691 1159 867 1220 inerementi
883 1162 1007 1238 praebet
1023 1163 1109 1236 hana,
1133 1161 1213 1241 quod
1227 1179 1318 1222 arena

245 1260 334 1320 undis
357 1265 426 1321 ante
447 1260 581 1320 fluminis
604 1261 712 1322 ostium
734 1263 943 1337 aeoumulatur,
967 1283 1055 1343 quam
1072 1283 1219 1344 nusquam
1234 1264 1321 1324 aliter

244 1361 358 1425 inveni.
402 1363 493 1424 Cuius
509 1363 660 1424 doetrinae
674 1364 742 1444 quis
764 1369 866 1426 auotor
886 1366 987 1440 luerit,
1009 1366 1119 1426 neseio.
1162 1366 1262 1426 Faoile
1276 1370 1320 1426 te·

245 1484 315 1524 men
337 1466 482 1541 adduoor,
513 1472 547 1527 ut
569 1468 686 1527 aradam
708 1479 875 1543 suetorum,
907 1488 981 1548 quos
1002 1468 1151 1529 Dialesius
1171 1468 1204 1527 in
1227 1469 1319 1528 doxo-

244 1569 426 1645 graphorum
458 1568 544 1646 proll.
574 1590 603 1647 p.
621 1575 681 1629 229
717 1571 846 1630 Senecae
881 1571 950 1631 libri
973 1571 1019 1632 IV
1046 1571 1124 1632 fonti
1156 1570 1318 1631 Posidonio

244 1671 338 1731 stoieo
366 1671 536 1747 substituit,
567 1672 697 1753 aliquem
724 1673 802 1734 idem
826 1673 968 1734 doeuisse.
1011 1673 1087 1732 Nam
1109 1673 1265 1734 Lueretius
1286 1675 1318 1733 in

244 1795 293 1836 vv.
310 1775 371 1834 721
384 1795 467 1856 sqq.:

372 1879 423 1938 ille
444 1897 482 1937 ax
504 1877 644 1958 aestifera
662 1882 751 1956 parti
770 1881 846 1938 venit
867 1882 961 1940 amnis
983 1879 1020 1938 ab
1042 1887 1154 1951 οαεινο,

371 1984 447 2041 inter
468 1983 555 2059 αι’ςςνο
578 1982 670 2040 veham
688 1991 827 2058 percocto
848 1983 946 2042 saecla
969 1984 1067 2041 colore
1186 1983 1189 1990 ⁴

371 2085 506 2143 eaora'ens
523 2086 640 2164 penitus
661 2082 754 2142 media
775 2083 811 2142 ab
833 2086 951 2161 rogabas
972 2086 1031 2143 daei

243 2187 329 2248 dooet
350 2187 453 2247 Nilum
475 2186 587 2248 exoriri
608 2185 641 2246 in
663 2205 698 2245 ea
719 2186 851 2263 regione,
874 2195 950 2266 quae
973 2207 991 2246 a
1012 2185 1132 2246 Graecis
1154 2183 1318 2273 ‘deonando-

243 2281 325 2366 μέντ’
351 2297 484 2352 voeatur.
529 2289 702 2352 Habitatam
733 2309 797 2350 eam
826 2310 887 2349 non
909 2308 974 2350 esse
996 2288 1174 2352 Aristoteles
1197 2293 1318 2350 eonten-

243 2393 328 2453 derat
347 2393 381 2452 in
402 2394 555 2454 meteorol.
570 2393 621 2468 Π,
638 2398 655 2452 5
679 2413 710 2470 p.
727 2397 817 2452 363ο
842 2397 879 2452 13
892 2413 973 2474 sqq.:
1006 2389 1119 2462 ἐκεῖνος
1140 2382 1165 2450 d’
1187 2381 1205 2450 o‘
1225 2385 1319 2462 τόπος

243 2495 296 2573 (so.
320 2485 338 2555 o‘
362 2489 608 2574 διακεκαυμένος)
639 2486 689 2554 daei
717 2486 773 2570 τὴν
802 2495 855 2552 τοῦ
884 2485 971 2570 ἡλίου
999 2493 1155 2573 γειτνίασιν
1183 2487 1241 2555 ουίι
1263 2491 1319 2571 ἔχει

245 2591 341 2658 ὕδατα
362 2595 414 2659 καὶ
437 2590 539 2674 νομοὶς,
562 2596 596 2657 αἳ
618 2589 668 2658 daei
691 2586 746 2673 τήν
768 2594 857 2674 πῆξιν
879 2590 1056 2675 ποιήσουσιν
1079 2594 1206 2674 ἐτησίας,
1229 2615 1318 2677 quam

246 2702 283 2762 ob
307 2720 424 2762 oausam
446 2700 624 2762 Posidonius
651 2719 719 2759 eum
742 2704 773 2760 et
793 2699 999 2760 Parmenidem
1029 2701 1061 2760 in
1082 2701 1119 2760 fr.
1137 2703 1176 2758 68
1199 2700 1318 2776 vitupe-

244 2805 337 2866 ravit:
366 2804 520 2881 regionem
542 2803 621 2862 enim
643 2821 661 2860 a
682 2800 815 2880 physicis
836 2802 988 2863 nobilibus
1009 2793 1243 2889 ,διακεκαομένῆ
1264 2821 1317 2860 no·

246 2908 387 2968 minatam
413 2905 558 2980 habitari,
589 2905 660 2984 quia
681 2910 846 2982 temperata
868 2910 955 2966 esset.
998 2906 1145 2985 Equidem
1164 2906 1197 2964 in
1218 2904 1319 2968 verbis

245 3010 378 3070 Lucretii
407 3012 502 3088 „aegra
533 3009 623 3066 veham
647 3017 785 3085 percocto
815 3008 910 3068 saecla
935 3007 1040 3068 eolore’
1067 3007 1227 3084 vestigium
1254 3025 1318 3067 esse

245 3113 392 3174 eontendo
415 3111 566 3172 doetrinae
595 3115 626 3170 et
648 3109 836 3190 eloquentiae
858 3111 1012 3172 Posidonii
1041 3111 1120 3188 apud
1141 3109 1317 3170 Strabonem

245 3217 286 3290 ΙΙ,
304 3221 332 3290 3,
350 3213 382 3292 7)
405 3213 453 3292 (fr.
470 3219 519 3288 68,
537 3213 568 3290 7)
591 3205 814 3302 εὐερνεστέρονς
836 3204 891 3293 yolo
908 3202 983 3271 εἶναι
1005 3207 1057 3271 καὶ
1079 3199 1167 3291 ἦττον
1186 3207 1316 3287 ἕψεσθαι

245 3319 281 3403 τῇ
303 3315 427 3398 ξηρασίᾳ
449 3316 503 3375 τοῦ
525 3311 723 3396 περιέχοντος,
746 3335 785 3376 ex
808 3336 866 3396 qua
887 3315 1000 3376 Seneoa
1022 3335 1142 3398 quoque
1163 3315 1264 3376 hausit
1279 3315 1316 3374 N.

246 3421 280 3486 Q.
299 3419 353 3495 IV,
369 3425 398 3494 2,
416 3424 473 3480 3οι
495 3420 669 3498 ‘Aegyptum
688 3419 735 3477 sol
755 3421 849 3496 magis
866 3417 1036 3496 paruoquit’.
1083 3420 1130 3479 Ad
1146 3436 1234 3498 quam
1251 3437 1317 3478 sen·

246 3523 369 3584 tentiam
386 3541 515 3596 moveor,
539 3521 610 3602 quia
626 3521 659 3580 in
674 3542 703 3583 v.
719 3522 798 3581 1109
816 3521 947 3582 eiusdem
962 3519 1031 3580 libri
1046 3520 1202 3581 Lueretius
1217 3521 1319 3580 eedem

244 3627 338 3689 verba
365 3623 502 3685 adhibuit
529 3623 572 3684 ita
600 3628 634 3684 ut
655 3623 834 3684 Posidonius
855 3623 1079 3682 σονενθονσιοῖν
1100 3624 1165 3693 ταῖς
1186 3613 1318 3703 detodo-

244 3731 308 3800 λαῖς
334 3726 453 3807 (Strabo
475 3748 504 3805 p.
523 3726 580 3786 147
603 3725 640 3787 fr.
658 3731 696 3785 48
720 3727 834 3806 Muli),
865 3732 896 3788 et
916 3727 1017 3805 paullo
1040 3731 1108 3787 ante
1134 3726 1167 3786 in
1188 3727 1313 3790 v.1107

245 3831 369 3893 oeeinit:
399 3840 437 3911 ,ει
458 3831 534 3908 qaod
554 3833 585 3888 ιἰι
608 3832 743 3908 Aegypto
765 3840 826 3902 est,
861 3849 916 3907 ονε
939 3831 1038 3888 maadi
1056 3830 1201 3889 claudebat
1227 3827 1314 3888 aais'.

243 3935 311 3996 Hoe
332 3934 398 3994 loeo
419 3932 499 3993 idem
528 3934 623 4007 dooet,
654 3931 734 4013 quod
756 3932 927 3992 cleomedes
949 3932 985 3992 de
1008 3932 1125 3993 sublim.
1141 3934 1167 4007 Ι,
1183 3938 1223 3992 42
1251 3932 1316 3992 sine

246 4036 336 4096 dubio
360 4055 399 4094 ex
420 4034 581 4095 Posidonio
609 4034 752 4111 sumpsit:
782 4025 855 4093 αἰλλᾶ
884 4026 964 4114 παρα
995 4028 1047 4111 μὲν
1076 4033 1237 4112 Συηνῖταις
1264 4029 1315 4092 καὶ

244 4133 398 4214 Αἰθίοψιν
421 4129 571 4214 ἐλάχιστον
593 4133 730 4212 φαίνεται
752 4128 785 4196 το“
809 4137 862 4195 τοῦ
884 4131 980 4196 πόλον
1002 4130 1098 4215 ὕψος,
1126 4133 1262 4216 μέγιστον
1284 4131 1316 4196 δὲ

244 4237 278 4304 ἐν
300 4242 493 4322 Βρεττανοῖς,
526 4231 893 4317 &valencenenses
919 4238 1056 4318 attonso
1082 4232 1237 4320 ἀναλόγως
1265 4239 1314 4323 (oi.
1376 4328 1380 4344 Δ
