3004 4828
1167 243 1173 282 l

666 326 878 390 „43-

236 487 267 542 et
287 482 403 541 Plinius
426 483 544 542 Eudoxi
573 501 683 541 nomen
704 482 736 540 in
759 483 856 542 indice
879 480 947 539 libri
970 481 1004 538 Π
1026 480 1126 540 attulit
1148 514 1189 523 -
1212 499 1309 562 neque

236 585 444 644 Callimachum
480 603 579 664 neque
612 584 795 660 Antigonum
830 585 930 642 laudat
960 617 1001 626 —-
1035 588 1138 642 contra
1168 603 1215 641 me
1248 603 1308 642 nou

235 691 364 764 pugnat,
397 706 465 744 nam
487 687 604 746 Eudoxi
633 687 726 746 libros
752 688 806 747 vix
834 686 899 763 ipse
921 686 1001 762 legit.
1048 687 1154 746 Nonne
1176 687 1254 745 onim
1277 687 1309 744 in

236 790 300 849 eius
321 791 405 848 fonte
427 788 515 848 huius
537 807 646 847 nomen
668 791 809 849 traditum
833 809 897 849 esse
919 788 1035 866 potuit?
1275 776 1277 792 ’

321 892 460 971 Denique
479 892 514 950 de
531 891 619 964 Mela,
643 891 778 968 Cephiso,
802 893 911 966 Peneo,
933 891 1056 950 Xantho
1073 892 1182 950 certius
1196 891 1309 970 aliquid

236 995 326 1056 statui
349 997 455 1071 potest,
479 1013 544 1052 cum
569 995 721 1054 credamus
743 994 841 1054 nullos
864 995 937 1054 alios
953 994 1112 1071 scriptores
1130 994 1161 1051 in
1178 993 1308 1054 Vitruvii

234 1099 318 1158 fonte
348 1097 481 1156 Varrone
513 1097 680 1156 nominatos
709 1117 790 1171 esse,
821 1100 908 1177 q'uam
945 1118 1019 1176 quos
1052 1098 1148 1156 affert.
1193 1097 1240 1154 Ex
1272 1097 1309 1155 iis

236 1202 314 1260 enim
337 1202 367 1258 in
391 1198 489 1259 indice
512 1199 580 1258 libri
599 1200 633 1258 Il
655 1199 785 1258 Pliniani
808 1201 929 1260 uomina
950 1206 1065 1260 tantum
1081 1200 1201 1273 Timaei,
1224 1201 1309 1260 Posi-

237 1303 327 1376 donii,
348 1302 496 1361 Herodoti
518 1303 722 1378 reperiuntur,
758 1303 837 1362 inter
859 1323 933 1382 quos
956 1304 980 1363 si
1004 1304 1193 1380 disceptatur,
1222 1305 1308 1362 oredo

235 1422 476 1484 unumquemque
500 1422 576 1483 qnae
599 1405 634 1462 de
656 1405 693 1463 iis
714 1406 888 1466 fluminibus
911 1410 956 1465 est
978 1406 1226 1466 narratiunculam
1251 1408 1307 1465 Po-

236 1509 351 1567 sidonio
374 1507 554 1566 tributurum
571 1525 642 1579 esse,
667 1509 777 1587 quippe
794 1528 858 1567 cum
875 1510 911 1567 de
928 1509 1006 1567 Mela
1021 1509 1207 1588 Cephisoque
1230 1509 1307 1567 idem

236 1631 253 1669 a
275 1612 387 1670 Seneca
409 1609 551 1670 traditum
576 1609 622 1669 sit.

322 1713 404 1774 Haec
426 1713 529 1785 habeo,
553 1731 604 1771 cur
619 1713 812 1773 Posidonium
828 1733 1012 1781 communem
1027 1713 1155 1774 Senecae
1171 1720 1202 1774 et
1217 1716 1308 1774 Plinii

236 1822 386 1877 auctorem
415 1815 509 1874 fuisse
538 1819 672 1876 statuam.
723 1816 779 1876 Sed
808 1822 934 1896 uterque
961 1837 1020 1876 non
1051 1837 1090 1876 ex
1116 1817 1197 1876 illius
1224 1817 1308 1877 libris

235 1920 343 1992 hausit,
367 1919 417 1977 sed
440 1937 479 1976 ex
502 1917 567 1976 aliis
589 1919 790 1994 scriptoribus,
815 1920 865 1998 qui
888 1919 972 1978 illum
996 1921 1209 1992 adhibuerunt,
1232 1941 1306 1993 oum,

238 2025 317 2102 quod
339 2021 457 2098 saepius
479 2025 567 2080 antea
589 2022 715 2095 dictum,
747 2041 833 2081 nemo
856 2023 1030 2099 intellegere
1052 2023 1161 2099 possit,
1192 2041 1258 2097 our,
1283 2023 1306 2082 si

153 2133 160 2138 '
236 2127 313 2203 apud
326 2123 518 2183 Posidonium
529 2123 751 2200 Theophrastea
765 2125 900 2198 fuissent,
924 2124 1039 2184 Plinius
1054 2144 1089 2184 ea
1104 2145 1221 2202 semper
1236 2125 1307 2184 omi-

236 2229 331 2288 sisset.
375 2229 454 2302 Ergc
478 2232 581 2287 contra
602 2226 809 2286 Hermannum
830 2229 914 2287 Diels
937 2247 1042 2287 moneo
1065 2229 1145 2288 inter
1166 2228 1307 2287 Senecam

237 2338 267 2391 et
282 2330 474 2390 Posidonium
497 2329 586 2389 alium
610 2335 757 2390 auctorem
781 2331 961 2390 interfuisse.
1005 2332 1177 2390 (iurantem
1193 2331 1308 2390 Plinius

235 2436 300 2511 ipse
322 2433 405 2494 stoici
428 2433 509 2492 illius
531 2433 615 2492 libris
637 2453 708 2492 usus
731 2451 794 2493 esse
817 2432 940 2512 nequit?

240 2549 244 2556 '
323 2537 422 2594 Alium
438 2539 586 2594 auctorem
603 2553 669 2593 eum
686 2537 824 2594 habuisse
846 2541 880 2595 ut
894 2536 1046 2608 coniciam,
1069 2537 1205 2610 adducor,
1228 2538 1308 2616 quod

239 2638 335 2718 5231
361 2639 531 2697 Mucianum
553 2637 686 2697 laudavit
708 2644 738 2698 et
760 2637 776 2716 ς
797 2638 857 2696 227
882 2639 918 2696 de
941 2639 1039 2696 Arado
1061 2637 1202 2717 loquitur,
1225 2639 1307 2698 ouius

237 2743 407 2803 memoriam
431 2740 447 2818 g
470 2745 526 2798 128
550 2741 619 2799 libri
637 2740 679 2801 V:
708 2751 744 2819 ,ct
774 2743 829 2798 ium
852 2742 929 2798 dioto
952 2742 1086 2811 Arados,
1120 2745 1195 2799 inter
1223 2760 1306 2819 quoru

236 2855 266 2903 et
287 2848 473 2903 continentem
496 2845 518 2900 L
543 2843 638 2900 cubito
662 2844 721 2901 olto
745 2847 838 2914 muri,
864 2854 897 2902 ut
916 2853 1018 2902 auctor
1039 2853 1082 2900 est
1103 2845 1308 2914 Mucianam¹

228 2947 316 3027 sonte
337 2947 430 3004 dalois·
452 2967 525 3025 aqua
550 2948 615 3005 tado
638 2949 726 3006 coriis
739 2946 828 3027 suctu
852 2965 938 3024 osque
961 2967 977 3004 u
1002 2947 1073 3004 vodo
1097 2945 1242 3017 trodr'tur',
1268 2933 1307 3004 ex

237 3051 375 3111 Muciano
398 3050 505 3123 hausit,
528 3051 579 3130 qui
602 3050 755 3110 Posidonii
778 3050 885 3108 librum
909 3050 1075 3126 exscripsit.

326 3151 399 3215 Quis
422 3159 519 3213 autem
536 3152 688 3212 Posidonii
707 3152 901 3212 eruditionem
918 3153 1046 3212 Senecae
1068 3151 1230 3226 tradiderit,
1253 3139 1306 3228 pr'o

239 3263 318 3317 certo
342 3255 482 3315 affirmari
505 3256 618 3335 nequit.
664 3255 774 3313 Tamen
801 3273 866 3313 mee
888 3255 1007 3333 quidem
1035 3255 1198 3328 sententia,
1229 3256 1306 3334 quod

239 3360 298 3418 iam
316 3359 463 3417 Dialesius
486 3359 624 3434 opinatus
639 3362 692 3429 est,
714 3357 763 3416 hic
785 3358 816 3415 in
838 3358 927 3417 tertio
951 3377 1069 3437 quoque
1091 3358 1167 3417 libro
1183 3359 1308 3417 Natura·

238 3462 309 3520 lium
327 3459 540 3524 Quaestionum
563 3459 643 3519 illius
659 3459 833 3535 discipulum
857 3465 974 3520 secutus
997 3466 1042 3520 est
1058 3461 1306 3536 Asclepiodotum.

237 3565 269 3623 Is
291 3564 328 3623 ad
351 3564 486 3638 magistri
506 3563 669 3624 doctrinam
692 3563 912 3640 Theophrastea
934 3563 1055 3636 addidit,
1079 3565 1130 3623 sed
1152 3565 1307 3624 Mucianus

239 3687 278 3725 ex
296 3667 363 3726 ahie
384 3666 509 3727 fortasse
531 3666 725 3743 scriptoribus
747 3667 892 3726 nonnulla
913 3667 1081 3744 paradoxis,
1105 3687 1181 3747 quae
1195 3667 1308 3742 legerat

237 3770 270 3828 iu
292 3769 443 3830 Posidonii
467 3769 564 3842 libris,
597 3769 737 3843 subiecit,
768 3789 865 3849 neque
890 3789 960 3830 vero
988 3770 1122 3830 consulto
1148 3751 1307 3849 huicquem

239 3890 278 3929 ex
300 3871 373 3948 ipsis
396 3871 592 3949 Theophrasti
616 3872 735 3948 scriptis
757 3873 918 3933 transtulit.

325 3975 356 4032 Si
377 3975 470 4048 igitur
484 3975 638 4048 Strabonis
662 3975 820 4051 descriptio
843 3976 935 4036 fontis
952 3976 1042 4034 Aradi
1063 3982 1095 4036 et
1109 3976 1248 4036 Pliniana
1269 3996 1307 4034 ex

238 4077 400 4136 Posidonio
422 4083 541 4154 sumpta
562 4084 622 4151 est,
652 4078 729 4137 nihil
751 4080 860 4152 obstat,
885 4079 1042 4158 quominus
1065 4079 1152 4139 etiam
1177 4078 1306 4137 Lucretii

239 4199 342 4241 versus
375 4200 464 4256 supra
496 4182 598 4258 scripti
631 4186 691 4240 890
712 4201 776 4261 sqq.
809 4181 940 4243 eiusdem
970 4182 1132 4243 doctrinam
1167 4181 1306 4240 referant.
