3004 4828
622 322 836 386 „47-

189 467 231 534 ‘H
248 470 280 535 δὲ
298 473 449 555 Σιρβοινίς
471 475 556 554 λίμνη
578 472 671 554 πολλὴ
694 474 748 555 μίν
766 475 842 539 ἐστι·
866 476 915 539 καὶ
940 472 995 560 γοίρ
1018 479 1116 557 χιλίων
1137 479 1267 541 σταδίων

192 573 326 659 είρήκασί
348 599 424 648 τινες
454 573 506 639 τδν
529 573 654 640 κύκλον·
681 627 858 640 ........
884 576 1068 661 ἀγχιβαθής,
1099 576 1268 661 βαρύτατον

193 677 298 757 ἐχουσα
321 675 419 760 ὕδωρ,
449 676 522 741 α’ίστε
545 675 586 758 μη
610 681 672 742 δεῖν
694 677 866 760 κολύμβου,
897 677 968 744 α’λλοί
990 679 1041 745 τόν
1064 679 1193 763 ἐμβάντα
1215 683 1268 746 καὶ

194 780 291 863 μέχρις
321 776 459 859 ὀμφαλοῦ
490 780 644 862 προβύντα
675 779 769 857 εύδῦς
798 785 982 863 ἐξαίρεσθαι·
1016 783 1105 863 μεστὴ
1135 782 1160 847 δ’
1189 785 1267 848 ἐστὶν

193 879 348 958 ἀσφάλτου
369 889 447 946 κτλ.
493 889 598 968 Neque
621 889 719 949 minus
735 892 829 952 verba
850 891 982 950 eiusdem
1004 893 1183 968 paragraphi
1205 893 1266 950 Pli-

191 990 250 1048 nii:
279 991 432 1068 ‘Similiter
454 993 483 1048 ιἰι
497 992 621 1070 flumine
643 993 742 1050 Silero
766 993 844 1048 veltro
868 993 1038 1050 Surrentum
1062 1014 1117 1052 κοιι
1139 995 1267 1070 ιιίνςυίλα

192 1093 272 1150 modo
295 1095 427 1150 t'mmersu
449 1113 544 1152 uerum
575 1104 603 1151 et
622 1091 703 1172 fobu
727 1092 919 1171 lapidescunt,
937 1097 1028 1155 ,ub'us
1056 1095 1172 1153 salubri
1195 1105 1266 1172 potu

191 1197 251 1252 ιιίιε
267 1193 368 1272 oquue’
391 1194 485 1254 eidam
508 1197 621 1257 auetori
645 1197 803 1256 tribuenda
825 1217 888 1257 essa
911 1199 984 1256 mihi
1006 1197 1147 1274 persuasi.
1193 1199 1266 1256 Eam

192 1298 270 1356 enim
293 1296 380 1356 Silari
403 1297 464 1358 vim
487 1299 704 1376 stampati
730 1300 835 1359 Strabo
860 1301 1009 1360 narravit:
1033 1294 1171 1374 διήκουσι
1193 1293 1218 1356 δ’
1236 1297 1268 1358 ol

195 1399 336 1466 Πίκεντες
358 1395 439 1476 μέχρι
463 1401 517 1459 τοῦ
536 1395 694 1479 Σιλοίριδος
712 1405 850 1475 ποταμοῦ
867 1405 921 1460 τοῦ
937 1395 1085 1477 ὁρίζοντος
1108 1395 1171 1461 αἰπδ
1195 1396 1265 1458 ταῦ-

190 1523 243 1578 της
265 1504 318 1578 της
339 1496 437 1580 χοίρας
458 1495 512 1578 την
534 1498 658 1581 ἀρχαίαν
681 1505 698 1578 ί
722 1504 924 1578 Καμπανίαν·
958 1498 1005 1578 ἐφ’
1027 1491 1065 1563 οῦ
1087 1497 1165 1562 τοῦτ’
1188 1502 1265 1562 ίδιον

192 1601 360 1683 ἱστοροῦσιν
382 1600 451 1682 περὶ
473 1605 527 1664 τοῦ
549 1598 659 1674 ῦδατος
676 1607 692 1681 †
710 1607 764 1665 τοῦ
780 1598 866 1678 ὄντος
888 1609 1026 1684 ποταμοῦ
1037 1607 1085 1684 ⁵⁷)
1109 1599 1143 1665 τύ
1161 1603 1264 1666 καθιέ-

190 1728 279 1784 μενον
302 1706 344 1777 είς
367 1700 440 1766 αύτδ
464 1701 562 1781 φυτόν
585 1703 813 1769 ἀπολιθοῦσθαι
835 1704 985 1785 φυλάττον
1013 1703 1066 1785 τὴν
1095 1703 1186 1787 χρόαν
1213 1705 1265 1768 καί

189 1803 244 1886 την
273 1805 401 1886 μορφήν.
446 1810 550 1871 Paullo
580 1818 668 1872 antea
698 1814 733 1871 de
756 1797 971 1889 Campanorum
1001 1812 1120 1870 luxuria
1141 1813 1264 1872 Posido·

190 1913 274 1970 nium
295 1913 459 1996 adhibitum
483 1933 547 1975 asse
570 1934 690 1974 neeesse
713 1921 759 1974 est
780 1915 812 1973 in
834 1935 900 1991 pag.
918 1919 995 1974 250:
1030 1915 1209 1988 Καμπανοῖς
1232 1910 1264 1971 δὲ

192 2011 302 2091 συνέβη
315 2007 375 2106 §led
399 2008 451 2093 την
473 2016 526 2094 τῆς
548 2011 647 2096 χοίρας
669 2013 862 2093 εὐδαιμονίαν
886 2009 929 2076 ἐπ’
952 2015 1017 2076 ίοον
1039 2011 1166 2094 οίμαθοῑυ
1188 2010 1263 2074 ἄπο-

189 2119 296 2177 λαῦσαι
326 2113 376 2176 καί
399 2107 511 2178 κακῶν
545 2116 593 2179 ἐπί
617 2122 759 2180 τοσοῦτον
782 2112 837 2200 χοίρ
856 2119 874 2154 ³
890 2107 923 2178 εὖ
941 2119 959 2154 ³
976 2115 1163 2199 ἐτρύφησαν,
1197 2111 1263 2180 ὥστ’

189 2217 240 2280 ἐπὶ
259 2218 380 2279 δεῖπνον
403 2214 534 2288 ἐκάλουν
551 2215 628 2301 πρδς
650 2216 736 2302 ζεύγη
759 2216 947 2300 μονομάχων,
969 2214 1113 2301 ὁρίζοντες
1129 2215 1263 2300 ἀριθμόν

189 2315 265 2380 aurel
287 2315 341 2395 την
364 2325 422 2381 τῶν
445 2325 653 2402 [σον]δείπνοιν
677 2321 763 2396 ἀξίαν
784 2329 862 2383 κτλ.
908 2327 975 2386 Ηοο
989 2327 1174 2385 enuntiatum
1191 2345 1261 2385 eon·

191 2424 283 2484 sentit
298 2445 363 2483 eum
379 2426 532 2486 Athenaeo
548 2428 608 2501 ΠΙ,
630 2433 730 2488 1530:
755 2424 901 2506 Γερμανοὶ
925 2423 966 2499 δὲ,
990 2421 1031 2496 τίς
1054 2425 1164 2503 ἱστορεῖ
1189 2428 1262 2485 Πο-

190 2525 266 2586 σειδ
274 2519 380 2598 οίνιος
393 2525 425 2588 ἐν
436 2529 473 2613 τῇ
483 2532 652 2614 τριακοστῇ,
677 2523 797 2611 δίρισιον
811 2527 1030 2608 προσφέρονται
1045 2527 1118 2607 κρέα
1135 2523 1262 2606 μεληδδν

189 2620 348 2706 οίπτημένα
375 2627 426 2690 καί
449 2630 619 2694 ἐπιπίνουσι
646 2627 720 2714 γάλα
743 2630 794 2693 καὶ
817 2626 868 2693 adv
890 2624 972 2692 οἶνον
995 2624 1132 2712 ἄκρατον.
1178 2633 1261 2710 Καμ-

189 2734 294 2793 πανῶν
316 2729 349 2791 δέ
370 2753 446 2804 τινες
468 2729 549 2814 παροί
571 2731 608 2794 τοὶ
630 2731 780 2812 συμπόσια
804 2737 1012 2812 μονομαχοῦσι.
1058 2729 1211 2805 Νικόλαος
1233 2728 1259 2794 δ’

190 2826 208 2894 δ
223 2829 422 2910 Δαμασκηνὸς
436 2840 513 2896 κ.τ.λ.
560 2837 744 2919 Quamquam
759 2840 851 2914 igitur
866 2840 1010 2898 Miillerus
1026 2837 1150 2898 alterum
1167 2858 1261 2897 enun-

189 2938 294 2998 tiatum
315 2939 464 2998 Athenaei
487 2940 524 2998 de
547 2933 703 3018 Campanis
724 2943 756 3001 in
778 2943 815 3000 fr.
833 2947 873 3000 32
897 2941 1049 3000 Posidonii
1073 2941 1188 3014 omisit,
1216 2947 1261 3001 ta-

190 3061 257 3100 men
277 3062 335 3100 non
355 3041 466 3115 dubito,
490 3042 562 3121 quin
586 3045 643 3103 hoo
659 3062 777 3123 quoque
799 3045 864 3103 eius
886 3044 932 3116 sit,
956 3049 986 3102 et
1000 3041 1154 3102 Strabonis
1169 3045 1261 3102 verba

189 3163 283 3224 usque
304 3145 342 3202 ad
364 3145 454 3204 finam
468 3145 539 3206 dieti
555 3146 744 3216 Hannibalis,
767 3166 842 3226 quae
858 3165 924 3205 oum
938 3144 1070 3204 Diodoro
1085 3144 1202 3218 XXVI,
1223 3151 1256 3202 ll

189 3247 388 3320 consentiunt,
411 3247 507 3306 eidem
529 3243 707 3324 philosopho
731 3249 873 3308 adsoribo.

273 3351 370 3410 Etiam
400 3350 527 3409 fontium
554 3352 590 3409 ad
614 3349 802 3410 Chelidonias
831 3350 943 3410 insulas
971 3358 1002 3410 et
1022 3351 1153 3408 Aradum
1176 3355 1207 3410 et
1228 3352 1260 3409 in

189 3453 334 3512 Gaditano
358 3471 467 3512 ooeano
491 3453 613 3512 sitorum
636 3452 745 3512 notitia
766 3472 805 3511 ex
827 3453 988 3512 Posidonio
1011 3453 1157 3525 manavit,
1189 3453 1260 3532 quia

187 3557 279 3616 verba
301 3555 455 3615 Strabonis
484 3556 520 3614 de
543 3557 642 3614 Arado
671 3555 703 3612 in
731 3575 760 3630 p.
779 3555 838 3613 753
855 3574 898 3633 sq.
927 3573 965 3613 ex
997 3573 1031 3613 ao
1059 3555 1167 3614 hausta
1195 3573 1259 3617 esse

187 3659 246 3717 iam
275 3663 363 3718 antea
391 3659 469 3731 dixi,
500 3662 530 3718 et
551 3658 634 3716 illum
659 3659 695 3716 de
718 3657 863 3716 Gaditana
883 3657 1006 3732 regiona
1029 3656 1121 3716 multa
1144 3657 1260 3734 quaesi-

186 3762 265 3821 visse
288 3779 374 3819 nemo
398 3767 444 3820 est
466 3761 539 3841 quin
561 3760 652 3838 solat,
689 3757 775 3822 Quod
804 3765 902 3819 autem
931 3761 966 3818 de
990 3759 1171 3819 Ohehdoniis
1194 3759 1258 3818 Onl-

186 3864 331 3923 limaohus
360 3882 398 3921 ex
425 3865 550 3922 Eudoxo
577 3865 656 3938 apud
675 3845 863 3936 'Antigonum
886 3863 998 3939 Caryst.
1019 3867 1076 3920 129
1107 3863 1206 3921 doeet:
1236 3851 1258 3935 ἦ

188 3961 220 4025 δέ
243 3958 318 4026 κατιί
344 3963 516 4033 Χελιδονίας
545 3959 590 4022 ὅτι
621 3960 670 4023 ἐπὶ
693 3956 788 4022 πολύν
810 3957 904 4022 τόπον
926 3961 983 4040 ἐχει
1003 3963 1139 4046 γλυκείας
1161 3956 1259 4041 πημοίς

255 4187 298 4254 31)
315 4190 452 4236 Kramarns
470 4187 617 4235 emendabat
633 4179 742 4236 Ἰταλίαν
753 4165 786 4234 ¹et
804 4177 875 4242 ὄντος
893 4182 996 4248 ποτίμου
1015 4185 1106 4234 omisso
1123 4183 1177 4234 τοῦ.
