<?xml version="1.0" encoding="UTF-8"?>
<!DOCTYPE html PUBLIC "-//W3C//DTD XHTML 1.0 Transitional//EN"
    "http://www.w3.org/TR/xhtml1/DTD/xhtml1-transitional.dtd">
<html xmlns="http://www.w3.org/1999/xhtml" xml:lang="en" lang="en">
 <head>
  <title>
</title>
<meta http-equiv="Content-Type" content="text/html;charset=utf-8" />
  <meta name='ocr-system' content='tesseract 3.04.00' />
  <meta name='ocr-capabilities' content='ocr_page ocr_carea ocr_par ocr_line ocrx_word'/>
</head>
<body>
  <div class='ocr_page' id='page_1' title='image "./deposidoniolucr01ruscgoog_0024.png"; bbox 0 0 3004 4828; ppageno 0'>
   <div class='ocr_carea' id='block_1_1' title="bbox 625 366 837 432">
    <p class='ocr_par' dir='ltr' id='par_1_1' title="bbox 625 366 837 432">
     <span class='ocr_line' id='line_1_1' title="bbox 625 366 837 432; baseline -0.009 -16"><span class='ocrx_word' id='word_1_1' title='bbox 625 366 837 432; x_wconf 79' lang='lat'>..15..</span> 
     </span>
    </p>
   </div>
   <div class='ocr_carea' id='block_1_2' title="bbox 193 518 1271 1415">
    <p class='ocr_par' dir='ltr' id='par_1_2' title="bbox 193 518 1271 1415">
     <span class='ocr_line' id='line_1_2' title="bbox 194 518 1269 602; baseline -0.008 -15"><span class='ocrx_word' id='word_1_2' title='bbox 194 529 307 587; x_wconf 90' lang='lat' dir='ltr'><strong>motum</strong></span> <span class='ocrx_word' id='word_1_3' title='bbox 331 543 436 602; x_wconf 88' lang='lat' dir='ltr'><strong>capere</strong></span> <span class='ocrx_word' id='word_1_4' title='bbox 459 543 629 602; x_wconf 88' lang='lat' dir='ltr'><strong>percussum</strong></span> <span class='ocrx_word' id='word_1_5' title='bbox 659 523 760 602; x_wconf 85' lang='lat' dir='ltr'><strong>aliqua</strong></span> <span class='ocrx_word' id='word_1_6' title='bbox 788 525 874 598; x_wconf 87' lang='lat' dir='ltr'><strong>parte</strong></span> <span class='ocrx_word' id='word_1_7' title='bbox 901 519 1000 580; x_wconf 91' lang='lat' dir='ltr'><strong>subito</strong></span> <span class='ocrx_word' id='word_1_8' title='bbox 1031 519 1193 580; x_wconf 78' lang='lat' dir='ltr'><strong>decidente.</strong></span> <span class='ocrx_word' id='word_1_9' title='bbox 1237 518 1269 578; x_wconf 86' lang='lat' dir='ltr'><strong>Si</strong></span> 
     </span>
     <span class='ocr_line' id='line_1_3' title="bbox 193 617 1270 708; baseline -0.009 -20"><span class='ocrx_word' id='word_1_10' title='bbox 193 627 353 705; x_wconf 77' lang='lat' dir='ltr'><strong>recipimus</strong></span> <span class='ocrx_word' id='word_1_11' title='bbox 376 627 568 688; x_wconf 74' lang='lat' dir='ltr'><strong>certissimam</strong></span> <span class='ocrx_word' id='word_1_12' title='bbox 592 624 759 684; x_wconf 87' lang='lat' dir='ltr'><strong>Hermanni</strong></span> <span class='ocrx_word' id='word_1_13' title='bbox 782 624 981 684; x_wconf 88' lang='lat' dir='ltr'><strong>coniecturam</strong></span> <span class='ocrx_word' id='word_1_14' title='bbox 1009 617 1054 708; x_wconf 53' lang='lat' dir='ltr'><strong>‘da</strong></span> <span class='ocrx_word' id='word_1_15' title='bbox 1075 623 1131 680; x_wconf 84' lang='grc' dir='ltr'><strong>τοῦ</strong></span> <span class='ocrx_word' id='word_1_16' title='bbox 1152 619 1270 680; x_wconf 79' lang='grc' dir='ltr'><strong><em>πίπτειν</em></strong></span> 
     </span>
     <span class='ocr_line' id='line_1_4' title="bbox 195 722 1269 806; baseline -0.007 -16"><span class='ocrx_word' id='word_1_17' title='bbox 195 722 318 806; x_wconf 60' lang='lat' dir='ltr'><strong>Etaieis,</strong></span> <span class='ocrx_word' id='word_1_18' title='bbox 350 731 423 789; x_wconf 88' lang='lat' dir='ltr'><strong>haee</strong></span> <span class='ocrx_word' id='word_1_19' title='bbox 444 729 536 791; x_wconf 82' lang='lat' dir='ltr'><strong>verba</strong></span> <span class='ocrx_word' id='word_1_20' title='bbox 557 732 674 805; x_wconf 89' lang='lat' dir='ltr'><strong>partem</strong></span> <span class='ocrx_word' id='word_1_21' title='bbox 702 731 799 787; x_wconf 89' lang='lat' dir='ltr'><strong>terrae</strong></span> <span class='ocrx_word' id='word_1_22' title='bbox 827 725 925 786; x_wconf 89' lang='lat' dir='ltr'><strong>subito</strong></span> <span class='ocrx_word' id='word_1_23' title='bbox 949 725 1133 786; x_wconf 79' lang='lat' dir='ltr'><strong>decidentem</strong></span> <span class='ocrx_word' id='word_1_24' title='bbox 1156 723 1269 800; x_wconf 84' lang='lat' dir='ltr'><strong>signifi·</strong></span> 
     </span>
     <span class='ocr_line' id='line_1_5' title="bbox 196 809 1271 914; baseline -0.006 -22"><span class='ocrx_word' id='word_1_25' title='bbox 196 837 277 906; x_wconf 87' lang='lat' dir='ltr'><strong>cant,</strong></span> <span class='ocrx_word' id='word_1_26' title='bbox 310 833 361 892; x_wconf 89' lang='lat' dir='ltr'><strong>sed</strong></span> <span class='ocrx_word' id='word_1_27' title='bbox 390 831 562 892; x_wconf 86' lang='lat' dir='ltr'><strong>coniunctio</strong></span> <span class='ocrx_word' id='word_1_28' title='bbox 588 821 632 914; x_wconf 51' lang='lat' dir='ltr'><strong>‘i’</strong></span> <span class='ocrx_word' id='word_1_29' title='bbox 658 835 727 890; x_wconf 86' lang='lat' dir='ltr'><strong>ante</strong></span> <span class='ocrx_word' id='word_1_30' title='bbox 753 825 807 913; x_wconf 53' lang='lat' dir='ltr'><strong>‘ric</strong></span> <span class='ocrx_word' id='word_1_31' title='bbox 829 823 910 903; x_wconf 84' lang='grc' dir='ltr'><strong><em>ιἰνιρ.</em></strong></span> <span class='ocrx_word' id='word_1_32' title='bbox 933 819 1006 885; x_wconf 86' lang='grc' dir='ltr'><strong><em>τόπ.’</em></strong></span> <span class='ocrx_word' id='word_1_33' title='bbox 1033 809 1205 888; x_wconf 85' lang='lat' dir='ltr'><strong>omittenda</strong></span> <span class='ocrx_word' id='word_1_34' title='bbox 1225 833 1271 886; x_wconf 89' lang='lat' dir='ltr'><strong>est</strong></span> 
     </span>
     <span class='ocr_line' id='line_1_6' title="bbox 194 928 1270 1012; baseline -0.006 -18"><span class='ocrx_word' id='word_1_35' title='bbox 194 939 298 1012; x_wconf 77' lang='lat' dir='ltr'><strong>utpote</strong></span> <span class='ocrx_word' id='word_1_36' title='bbox 319 953 359 994; x_wconf 86' lang='lat' dir='ltr'><strong>ex</strong></span> <span class='ocrx_word' id='word_1_37' title='bbox 381 933 583 1010; x_wconf 83' lang='lat' dir='ltr'><strong>dittographia</strong></span> <span class='ocrx_word' id='word_1_38' title='bbox 613 942 687 992; x_wconf 86' lang='lat' dir='ltr'><strong>orta.</strong></span> <span class='ocrx_word' id='word_1_39' title='bbox 730 931 937 991; x_wconf 76' lang='lat' dir='ltr'><strong>Fundamenta</strong></span> <span class='ocrx_word' id='word_1_40' title='bbox 964 928 1057 1004; x_wconf 77' lang='lat' dir='ltr'><strong>igitur</strong></span> <span class='ocrx_word' id='word_1_41' title='bbox 1085 929 1118 988; x_wconf 90' lang='lat' dir='ltr'><strong>in</strong></span> <span class='ocrx_word' id='word_1_42' title='bbox 1141 930 1270 990; x_wconf 77' lang='lat' dir='ltr'><strong>subcava</strong></span> 
     </span>
     <span class='ocr_line' id='line_1_7' title="bbox 195 1033 1269 1116; baseline -0.004 -20"><span class='ocrx_word' id='word_1_43' title='bbox 195 1037 261 1098; x_wconf 89' lang='lat' dir='ltr'><strong>loca</strong></span> <span class='ocrx_word' id='word_1_44' title='bbox 282 1037 437 1110; x_wconf 87' lang='lat' dir='ltr'><strong>decidunt,</strong></span> <span class='ocrx_word' id='word_1_45' title='bbox 460 1036 532 1116; x_wconf 92' lang='lat' dir='ltr'><strong>quid</strong></span> <span class='ocrx_word' id='word_1_46' title='bbox 555 1040 655 1096; x_wconf 87' lang='lat' dir='ltr'><strong>autem</strong></span> <span class='ocrx_word' id='word_1_47' title='bbox 677 1040 708 1095; x_wconf 90' lang='lat' dir='ltr'><strong>et</strong></span> <span class='ocrx_word' id='word_1_48' title='bbox 730 1033 809 1093; x_wconf 89' lang='lat' dir='ltr'><strong>unde</strong></span> <span class='ocrx_word' id='word_1_49' title='bbox 831 1035 986 1092; x_wconf 87' lang='lat' dir='ltr'><strong>moveatur</strong></span> <span class='ocrx_word' id='word_1_50' title='bbox 1007 1033 1139 1091; x_wconf 90' lang='lat' dir='ltr'><strong>noudum</strong></span> <span class='ocrx_word' id='word_1_51' title='bbox 1162 1038 1269 1092; x_wconf 85' lang='lat' dir='ltr'><strong>exstat</strong></span> 
     </span>
     <span class='ocr_line' id='line_1_8' title="bbox 195 1133 1270 1200; baseline -0.004 -2"><span class='ocrx_word' id='word_1_52' title='bbox 195 1139 325 1200; x_wconf 84' lang='lat' dir='ltr'><strong>Senecae</strong></span> <span class='ocrx_word' id='word_1_53' title='bbox 347 1139 448 1200; x_wconf 88' lang='lat' dir='ltr'><strong>verbis</strong></span> <span class='ocrx_word' id='word_1_54' title='bbox 475 1139 585 1198; x_wconf 87' lang='lat' dir='ltr'><strong>iterum</strong></span> <span class='ocrx_word' id='word_1_55' title='bbox 613 1137 646 1196; x_wconf 90' lang='lat' dir='ltr'><strong>in</strong></span> <span class='ocrx_word' id='word_1_56' title='bbox 668 1135 813 1197; x_wconf 87' lang='lat' dir='ltr'><strong>auxilium</strong></span> <span class='ocrx_word' id='word_1_57' title='bbox 835 1133 950 1196; x_wconf 86' lang='lat' dir='ltr'><strong>vocatis</strong></span> <span class='ocrx_word' id='word_1_58' title='bbox 972 1135 1119 1194; x_wconf 91' lang='lat' dir='ltr'><strong>contendo</strong></span> <span class='ocrx_word' id='word_1_59' title='bbox 1143 1135 1270 1194; x_wconf 80' lang='lat' dir='ltr'><strong>Ambro-</strong></span> 
     </span>
     <span class='ocr_line' id='line_1_9' title="bbox 196 1229 1270 1327; baseline -0.006 -25"><span class='ocrx_word' id='word_1_60' title='bbox 196 1243 271 1302; x_wconf 88' lang='lat' dir='ltr'><strong>sium</strong></span> <span class='ocrx_word' id='word_1_61' title='bbox 293 1247 374 1302; x_wconf 90' lang='lat' dir='ltr'><strong>recte</strong></span> <span class='ocrx_word' id='word_1_62' title='bbox 395 1241 504 1316; x_wconf 82' lang='lat' dir='ltr'><strong>legisse</strong></span> <span class='ocrx_word' id='word_1_63' title='bbox 526 1231 552 1327; x_wconf 53' lang='lat' dir='ltr'><strong>‘d</strong></span> <span class='ocrx_word' id='word_1_64' title='bbox 574 1234 771 1327; x_wconf 74' lang='grc' dir='ltr'><strong><em>πεπιλημένος</em></strong></span> <span class='ocrx_word' id='word_1_65' title='bbox 793 1229 876 1314; x_wconf 79' lang='grc' dir='ltr'><strong>ἆήρί</strong></span> <span class='ocrx_word' id='word_1_66' title='bbox 899 1240 950 1295; x_wconf 77' lang='grc' dir='ltr'><strong>οόν</strong></span> <span class='ocrx_word' id='word_1_67' title='bbox 964 1237 1018 1296; x_wconf 87' lang='lat' dir='ltr'><strong>sub</strong></span> <span class='ocrx_word' id='word_1_68' title='bbox 1034 1243 1115 1298; x_wconf 88' lang='lat' dir='ltr'><strong>terra</strong></span> <span class='ocrx_word' id='word_1_69' title='bbox 1130 1237 1270 1296; x_wconf 87' lang='lat' dir='ltr'><strong>densatus</strong></span> 
     </span>
     <span class='ocr_line' id='line_1_10' title="bbox 195 1338 1270 1415; baseline -0.007 -11"><span class='ocrx_word' id='word_1_70' title='bbox 195 1343 396 1404; x_wconf 84' lang='lat' dir='ltr'><strong>fundamentis</strong></span> <span class='ocrx_word' id='word_1_71' title='bbox 424 1344 457 1402; x_wconf 92' lang='lat' dir='ltr'><strong>in</strong></span> <span class='ocrx_word' id='word_1_72' title='bbox 478 1343 544 1403; x_wconf 89' lang='lat' dir='ltr'><strong>loca</strong></span> <span class='ocrx_word' id='word_1_73' title='bbox 572 1343 702 1403; x_wconf 81' lang='lat' dir='ltr'><strong>subcava</strong></span> <span class='ocrx_word' id='word_1_74' title='bbox 724 1339 928 1401; x_wconf 88' lang='lat' dir='ltr'><strong>decidentibus</strong></span> <span class='ocrx_word' id='word_1_75' title='bbox 956 1338 1121 1415; x_wconf 84' lang='lat' dir='ltr'><strong>percutitur</strong></span> <span class='ocrx_word' id='word_1_76' title='bbox 1149 1339 1270 1399; x_wconf 85' lang='lat' dir='ltr'><strong>atinde</strong></span> 
     </span>
    </p>
   </div>
   <div class='ocr_carea' id='block_1_3' title="bbox 196 1435 1390 1526">
    <p class='ocr_par' dir='ltr' id='par_1_3' title="bbox 196 1435 1390 1526">
     <span class='ocr_line' id='line_1_11' title="bbox 196 1435 1390 1526; baseline -0.006 -20"><span class='ocrx_word' id='word_1_77' title='bbox 196 1452 309 1508; x_wconf 89' lang='lat' dir='ltr'><strong>motum</strong></span> <span class='ocrx_word' id='word_1_78' title='bbox 331 1447 420 1524; x_wconf 89' lang='lat' dir='ltr'><strong>capit.</strong></span> <span class='ocrx_word' id='word_1_79' title='bbox 463 1445 548 1505; x_wconf 80' lang='lat' dir='ltr'><strong>llaec</strong></span> <span class='ocrx_word' id='word_1_80' title='bbox 569 1447 663 1506; x_wconf 78' lang='lat' dir='ltr'><strong>verba</strong></span> <span class='ocrx_word' id='word_1_81' title='bbox 685 1443 859 1526; x_wconf 51' lang='lat' dir='ltr'><strong>‘percutitur</strong></span> <span class='ocrx_word' id='word_1_82' title='bbox 880 1435 970 1521; x_wconf 89' lang='lat' dir='ltr'><strong>e.q.s.’</strong></span> <span class='ocrx_word' id='word_1_83' title='bbox 992 1440 1025 1500; x_wconf 92' lang='lat' dir='ltr'><strong>in</strong></span> <span class='ocrx_word' id='word_1_84' title='bbox 1046 1441 1170 1503; x_wconf 86' lang='lat' dir='ltr'><strong>vocibus</strong></span> <span class='ocrx_word' id='word_1_85' title='bbox 1193 1459 1270 1521; x_wconf 86' lang='lat' dir='ltr'><strong>quae</strong></span> <span class='ocrx_word' id='word_1_86' title='bbox 1388 1511 1390 1518; x_wconf 18' lang='grc' dir='ltr'><strong><em>Α</em></strong></span> 
     </span>
    </p>
   </div>
   <div class='ocr_carea' id='block_1_4' title="bbox 101 1540 1271 2035">
    <p class='ocr_par' dir='ltr' id='par_1_4' title="bbox 132 1540 1271 1932">
     <span class='ocr_line' id='line_1_12' title="bbox 196 1540 1268 1633; baseline -0.007 -23"><span class='ocrx_word' id='word_1_87' title='bbox 196 1555 312 1610; x_wconf 84' lang='lat' dir='ltr'><strong>restant</strong></span> <span class='ocrx_word' id='word_1_88' title='bbox 336 1545 380 1633; x_wconf 69' lang='lat' dir='ltr'><strong>⁴ta</strong></span> <span class='ocrx_word' id='word_1_89' title='bbox 402 1540 589 1624; x_wconf 62' lang='grc' dir='ltr'><strong><em>πνευμάτων</em></strong></span> <span class='ocrx_word' id='word_1_90' title='bbox 615 1546 763 1608; x_wconf 88' lang='lat' dir='ltr'><strong>contineri</strong></span> <span class='ocrx_word' id='word_1_91' title='bbox 792 1547 879 1605; x_wconf 89' lang='lat' dir='ltr'><strong>oredo</strong></span> <span class='ocrx_word' id='word_1_92' title='bbox 910 1563 1008 1623; x_wconf 89' lang='lat' dir='ltr'><strong>neque</strong></span> <span class='ocrx_word' id='word_1_93' title='bbox 1038 1543 1140 1604; x_wconf 89' lang='lat' dir='ltr'><strong>dubito</strong></span> <span class='ocrx_word' id='word_1_94' title='bbox 1169 1563 1268 1604; x_wconf 90' lang='lat' dir='ltr'><strong>ernen-</strong></span> 
     </span>
     <span class='ocr_line' id='line_1_13' title="bbox 196 1641 1269 1735; baseline -0.006 -23"><span class='ocrx_word' id='word_1_95' title='bbox 196 1653 266 1712; x_wconf 85' lang='lat' dir='ltr'><strong>dara</strong></span> <span class='ocrx_word' id='word_1_96' title='bbox 297 1651 329 1711; x_wconf 94' lang='lat' dir='ltr'><strong>in</strong></span> <span class='ocrx_word' id='word_1_97' title='bbox 359 1653 440 1711; x_wconf 90' lang='lat' dir='ltr'><strong>hunc</strong></span> <span class='ocrx_word' id='word_1_98' title='bbox 468 1651 588 1716; x_wconf 89' lang='lat' dir='ltr'><strong>modum</strong></span> <span class='ocrx_word' id='word_1_99' title='bbox 614 1641 934 1735; x_wconf 54' lang='lat' dir='ltr'><strong>‘tanveopusoiaofflt</strong></span> <span class='ocrx_word' id='word_1_100' title='bbox 984 1646 1091 1727; x_wconf 88' lang='lat' dir='ltr'><strong>Itaque</strong></span> <span class='ocrx_word' id='word_1_101' title='bbox 1122 1647 1269 1724; x_wconf 82' lang='lat' dir='ltr'><strong>Epicurus</strong></span> 
     </span>
     <span class='ocr_line' id='line_1_14' title="bbox 132 1737 1271 1838; baseline -0.005 -24"><span class='ocrx_word' id='word_1_102' title='bbox 132 1737 134 1744; x_wconf 21' lang='grc' dir='ltr'>Ι</span> <span class='ocrx_word' id='word_1_103' title='bbox 197 1753 323 1816; x_wconf 83' lang='lat' dir='ltr'><strong>dixerit:</strong></span> <span class='ocrx_word' id='word_1_104' title='bbox 358 1748 419 1838; x_wconf 53' lang='lat' dir='ltr'><strong>‘aod</strong></span> <span class='ocrx_word' id='word_1_105' title='bbox 441 1746 474 1811; x_wconf 75' lang='lat' dir='ltr'><strong>sd</strong></span> <span class='ocrx_word' id='word_1_106' title='bbox 497 1754 614 1829; x_wconf 80' lang='grc' dir='ltr'><strong><em>πνεῦμα</em></strong></span> <span class='ocrx_word' id='word_1_107' title='bbox 641 1751 730 1809; x_wconf 81' lang='grc' dir='ltr'><strong><em>τοῦτο</em></strong></span> <span class='ocrx_word' id='word_1_108' title='bbox 760 1741 781 1826; x_wconf 72' lang='lat' dir='ltr'><strong>ri</strong></span> <span class='ocrx_word' id='word_1_109' title='bbox 802 1745 916 1822; x_wconf 71' lang='grc' dir='ltr'><strong><em>ἔξωθεν.</em></strong></span> <span class='ocrx_word' id='word_1_110' title='bbox 944 1743 1271 1836; x_wconf 66' lang='grc' dir='ltr'><strong><em>ἒμπεριλαμβοὶνενοιῆ</em></strong></span> 
     </span>
     <span class='ocr_line' id='line_1_15' title="bbox 197 1845 1271 1932; baseline -0.005 -15"><span class='ocrx_word' id='word_1_111' title='bbox 197 1852 229 1917; x_wconf 71' lang='grc' dir='ltr'><strong>ἐκ</strong></span> <span class='ocrx_word' id='word_1_112' title='bbox 250 1857 304 1915; x_wconf 86' lang='grc' dir='ltr'><strong>τοῦ</strong></span> <span class='ocrx_word' id='word_1_113' title='bbox 327 1856 445 1917; x_wconf 78' lang='grc' dir='ltr'><strong><em>πίπτειν</em></strong></span> <span class='ocrx_word' id='word_1_114' title='bbox 467 1849 565 1932; x_wconf 76' lang='grc' dir='ltr'><strong><em>ἐδάφη</em></strong></span> <span class='ocrx_word' id='word_1_115' title='bbox 589 1852 630 1924; x_wconf 80' lang='grc' dir='ltr'><strong>εἰς</strong></span> <span class='ocrx_word' id='word_1_116' title='bbox 653 1847 836 1932; x_wconf 76' lang='grc' dir='ltr'><strong><em>ἀντροειδεῖς</em></strong></span> <span class='ocrx_word' id='word_1_117' title='bbox 857 1845 971 1922; x_wconf 79' lang='grc' dir='ltr'><strong><em>τόπους</em></strong></span> <span class='ocrx_word' id='word_1_118' title='bbox 999 1853 1052 1929; x_wconf 79' lang='grc' dir='ltr'><strong>τῆς</strong></span> <span class='ocrx_word' id='word_1_119' title='bbox 1073 1853 1127 1932; x_wconf 80' lang='grc' dir='ltr'><strong>γῆς</strong></span> <span class='ocrx_word' id='word_1_120' title='bbox 1150 1849 1271 1913; x_wconf 80' lang='grc' dir='ltr'><strong><em>ἐκπνεο-</em></strong></span> 
     </span>
    </p>

    <p class='ocr_par' dir='ltr' id='par_1_5' title="bbox 101 1936 1271 2035">
     <span class='ocr_line' id='line_1_16' title="bbox 101 1936 1271 2035; baseline 0 -19"><span class='ocrx_word' id='word_1_121' title='bbox 101 1936 104 1944; x_wconf 53' lang='grc'><strong>’</strong></span> <span class='ocrx_word' id='word_1_122' title='bbox 199 1959 343 2033; x_wconf 72' lang='lat' dir='ltr'><strong>parciaco</strong></span> <span class='ocrx_word' id='word_1_123' title='bbox 364 1950 381 2017; x_wconf 87' lang='lat' dir='ltr'><strong>o‘</strong></span> <span class='ocrx_word' id='word_1_124' title='bbox 402 1953 600 2035; x_wconf 78' lang='grc' dir='ltr'><strong><em>πεπιλημένος</em></strong></span> <span class='ocrx_word' id='word_1_125' title='bbox 622 1949 692 2034; x_wconf 78' lang='grc' dir='ltr'><strong>ἆήρ’</strong></span> <span class='ocrx_word' id='word_1_126' title='bbox 719 1955 913 2016; x_wconf 82' lang='lat' dir='ltr'><strong>Aristotelem</strong></span> <span class='ocrx_word' id='word_1_127' title='bbox 943 1960 1061 2016; x_wconf 89' lang='lat' dir='ltr'><strong>secutus</strong></span> <span class='ocrx_word' id='word_1_128' title='bbox 1091 1957 1143 2033; x_wconf 89' lang='lat' dir='ltr'><strong>qui</strong></span> <span class='ocrx_word' id='word_1_129' title='bbox 1170 1958 1271 2018; x_wconf 89' lang='lat' dir='ltr'><strong>docuit</strong></span> 
     </span>
    </p>
   </div>
   <div class='ocr_carea' id='block_1_5' title="bbox 196 2050 1271 2244">
    <p class='ocr_par' dir='ltr' id='par_1_6' title="bbox 196 2050 1271 2244">
     <span class='ocr_line' id='line_1_17' title="bbox 198 2050 1271 2143; baseline 0.001 -25"><span class='ocrx_word' id='word_1_130' title='bbox 198 2060 349 2122; x_wconf 89' lang='lat' dir='ltr'><strong>meteorol.</strong></span> <span class='ocrx_word' id='word_1_131' title='bbox 364 2061 442 2135; x_wconf 84' lang='lat'>11‚4</span> <span class='ocrx_word' id='word_1_132' title='bbox 464 2082 493 2139; x_wconf 89' lang='lat' dir='ltr'><strong>p.</strong></span> <span class='ocrx_word' id='word_1_133' title='bbox 511 2067 600 2121; x_wconf 83' lang='grc' dir='ltr'><strong>36οο</strong></span> <span class='ocrx_word' id='word_1_134' title='bbox 622 2065 663 2118; x_wconf 79' lang='lat'><strong>82</strong></span> <span class='ocrx_word' id='word_1_135' title='bbox 676 2079 756 2140; x_wconf 90' lang='lat' dir='ltr'><strong>sqq.:</strong></span> <span class='ocrx_word' id='word_1_136' title='bbox 782 2055 934 2143; x_wconf 47' lang='lat' dir='ltr'><strong>‘nemesin</strong></span> <span class='ocrx_word' id='word_1_137' title='bbox 956 2050 1012 2136; x_wconf 79' lang='lat' dir='ltr'><strong>ysip</strong></span> <span class='ocrx_word' id='word_1_138' title='bbox 1035 2050 1072 2116; x_wconf 78' lang='lat' dir='ltr'><strong>diu</strong></span> <span class='ocrx_word' id='word_1_139' title='bbox 1094 2051 1172 2117; x_wconf 73' lang='lat' dir='ltr'><strong>notri</strong></span> <span class='ocrx_word' id='word_1_140' title='bbox 1196 2060 1271 2136; x_wconf 82' lang='grc' dir='ltr'><strong><em>πλῆ-</em></strong></span> 
     </span>
     <span class='ocr_line' id='line_1_18' title="bbox 196 2153 1271 2244; baseline 0.002 -24"><span class='ocrx_word' id='word_1_141' title='bbox 196 2165 257 2232; x_wconf 81' lang='grc' dir='ltr'><strong>θος</strong></span> <span class='ocrx_word' id='word_1_142' title='bbox 278 2156 366 2242; x_wconf 76' lang='grc' dir='ltr'><strong><em>νἰέρος</em></strong></span> <span class='ocrx_word' id='word_1_143' title='bbox 387 2155 450 2223; x_wconf 72' lang='lat' dir='ltr'><strong>dard</strong></span> <span class='ocrx_word' id='word_1_144' title='bbox 472 2185 553 2235; x_wconf 83' lang='grc' dir='ltr'><strong><em>τινος</em></strong></span> <span class='ocrx_word' id='word_1_145' title='bbox 575 2155 703 2244; x_wconf 73' lang='grc' dir='ltr'><strong><em>μεγάλης</em></strong></span> <span class='ocrx_word' id='word_1_146' title='bbox 725 2156 882 2234; x_wconf 81' lang='grc' dir='ltr'><strong><em>πτώσεως,</em></strong></span> <span class='ocrx_word' id='word_1_147' title='bbox 913 2155 970 2219; x_wconf 79' lang='grc' dir='ltr'><strong>οὐκ</strong></span> <span class='ocrx_word' id='word_1_148' title='bbox 993 2157 1059 2238; x_wconf 72' lang='grc' dir='ltr'><strong><em>ἕχον</em></strong></span> <span class='ocrx_word' id='word_1_149' title='bbox 1081 2153 1177 2240; x_wconf 74' lang='grc' dir='ltr'><strong><em>ἀρχὴν</em></strong></span> <span class='ocrx_word' id='word_1_150' title='bbox 1199 2155 1271 2222; x_wconf 74' lang='lat' dir='ltr'><strong>eddi</strong></span> 
     </span>
    </p>
   </div>
   <div class='ocr_carea' id='block_1_6' title="bbox 197 2258 1271 2445">
    <p class='ocr_par' dir='ltr' id='par_1_7' title="bbox 197 2258 1271 2445">
     <span class='ocr_line' id='line_1_19' title="bbox 197 2258 936 2344; baseline -0.011 -4"><span class='ocrx_word' id='word_1_151' title='bbox 197 2258 312 2344; x_wconf 67' lang='lat' dir='ltr'><strong>nativ?</strong></span> <span class='ocrx_word' id='word_1_152' title='bbox 933 2325 936 2332; x_wconf 88' lang='lat'><em>.</em></span> 
     </span>
     <span class='ocr_line' id='line_1_20' title="bbox 284 2366 1271 2445; baseline 0.001 -19"><span class='ocrx_word' id='word_1_153' title='bbox 284 2367 387 2426; x_wconf 85' lang='lat' dir='ltr'><strong>Nihilo</strong></span> <span class='ocrx_word' id='word_1_154' title='bbox 410 2369 508 2428; x_wconf 87' lang='lat' dir='ltr'><strong>minus</strong></span> <span class='ocrx_word' id='word_1_155' title='bbox 529 2389 591 2429; x_wconf 90' lang='lat' dir='ltr'><strong>non</strong></span> <span class='ocrx_word' id='word_1_156' title='bbox 612 2387 751 2445; x_wconf 83' lang='lat' dir='ltr'><strong>magnum</strong></span> <span class='ocrx_word' id='word_1_157' title='bbox 772 2367 887 2427; x_wconf 89' lang='lat' dir='ltr'><strong>lucrum</strong></span> <span class='ocrx_word' id='word_1_158' title='bbox 908 2367 1033 2426; x_wconf 83' lang='lat' dir='ltr'><strong>fecimus</strong></span> <span class='ocrx_word' id='word_1_159' title='bbox 1055 2385 1094 2426; x_wconf 87' lang='lat' dir='ltr'><strong>ex</strong></span> <span class='ocrx_word' id='word_1_160' title='bbox 1115 2366 1180 2426; x_wconf 91' lang='lat' dir='ltr'><strong>loco</strong></span> <span class='ocrx_word' id='word_1_161' title='bbox 1200 2367 1271 2427; x_wconf 87' lang='lat' dir='ltr'><strong>Dio·</strong></span> 
     </span>
    </p>
   </div>
   <div class='ocr_carea' id='block_1_7' title="bbox 144 2468 1273 4093">
    <p class='ocr_par' dir='ltr' id='par_1_8' title="bbox 198 2468 1270 2651">
     <span class='ocr_line' id='line_1_21' title="bbox 200 2468 1270 2550; baseline 0.002 -22"><span class='ocrx_word' id='word_1_162' title='bbox 200 2470 284 2545; x_wconf 84' lang='lat' dir='ltr'><strong>genis</strong></span> <span class='ocrx_word' id='word_1_163' title='bbox 306 2476 337 2530; x_wconf 91' lang='lat' dir='ltr'><strong>et</strong></span> <span class='ocrx_word' id='word_1_164' title='bbox 358 2471 415 2531; x_wconf 88' lang='lat' dir='ltr'><strong>hoc</strong></span> <span class='ocrx_word' id='word_1_165' title='bbox 441 2476 557 2531; x_wconf 88' lang='lat' dir='ltr'><strong>tantum</strong></span> <span class='ocrx_word' id='word_1_166' title='bbox 579 2472 606 2530; x_wconf 91' lang='lat' dir='ltr'><strong>ei</strong></span> <span class='ocrx_word' id='word_1_167' title='bbox 630 2473 785 2543; x_wconf 85' lang='lat' dir='ltr'><strong>debemus,</strong></span> <span class='ocrx_word' id='word_1_168' title='bbox 817 2470 897 2550; x_wconf 91' lang='lat' dir='ltr'><strong>quod</strong></span> <span class='ocrx_word' id='word_1_169' title='bbox 928 2468 1093 2529; x_wconf 83' lang='lat' dir='ltr'><strong>accuratius</strong></span> <span class='ocrx_word' id='word_1_170' title='bbox 1123 2471 1270 2546; x_wconf 89' lang='lat' dir='ltr'><strong>exposuit,</strong></span> 
     </span>
     <span class='ocr_line' id='line_1_22' title="bbox 198 2572 1270 2651; baseline 0.006 -21"><span class='ocrx_word' id='word_1_171' title='bbox 198 2574 346 2651; x_wconf 91' lang='lat' dir='ltr'><strong>quomodo</strong></span> <span class='ocrx_word' id='word_1_172' title='bbox 365 2580 473 2634; x_wconf 88' lang='lat' dir='ltr'><strong>terram</strong></span> <span class='ocrx_word' id='word_1_173' title='bbox 488 2579 580 2634; x_wconf 86' lang='lat' dir='ltr'><strong>vento</strong></span> <span class='ocrx_word' id='word_1_174' title='bbox 602 2593 773 2634; x_wconf 88' lang='lat' dir='ltr'><strong>concussam</strong></span> <span class='ocrx_word' id='word_1_175' title='bbox 795 2593 859 2632; x_wconf 88' lang='lat' dir='ltr'><strong>esse</strong></span> <span class='ocrx_word' id='word_1_176' title='bbox 875 2572 1021 2649; x_wconf 87' lang='lat' dir='ltr'><strong>Epicurus</strong></span> <span class='ocrx_word' id='word_1_177' title='bbox 1044 2573 1102 2633; x_wconf 91' lang='lat' dir='ltr'><strong>sibi</strong></span> <span class='ocrx_word' id='word_1_178' title='bbox 1123 2573 1270 2636; x_wconf 88' lang='lat' dir='ltr'><strong>finxisset.</strong></span> 
     </span>
    </p>

    <p class='ocr_par' dir='ltr' id='par_1_9' title="bbox 144 2675 1273 4093">
     <span class='ocr_line' id='line_1_23' title="bbox 282 2675 1270 2754; baseline 0.002 -22"><span class='ocrx_word' id='word_1_179' title='bbox 282 2675 346 2734; x_wconf 88' lang='lat' dir='ltr'><strong>Iam</strong></span> <span class='ocrx_word' id='word_1_180' title='bbox 368 2677 431 2738; x_wconf 88' lang='lat' dir='ltr'><strong>fere</strong></span> <span class='ocrx_word' id='word_1_181' title='bbox 455 2696 558 2737; x_wconf 89' lang='lat' dir='ltr'><strong>omnes</strong></span> <span class='ocrx_word' id='word_1_182' title='bbox 579 2682 698 2754; x_wconf 90' lang='lat' dir='ltr'><strong>praeter</strong></span> <span class='ocrx_word' id='word_1_183' title='bbox 719 2676 854 2736; x_wconf 89' lang='lat' dir='ltr'><strong>ultimam</strong></span> <span class='ocrx_word' id='word_1_184' title='bbox 883 2676 1015 2736; x_wconf 89' lang='lat' dir='ltr'><strong>rationes</strong></span> <span class='ocrx_word' id='word_1_185' title='bbox 1038 2676 1169 2737; x_wconf 87' lang='lat' dir='ltr'><strong>Lucretii</strong></span> <span class='ocrx_word' id='word_1_186' title='bbox 1192 2677 1270 2754; x_wconf 92' lang='lat' dir='ltr'><strong>apud</strong></span> 
     </span>
     <span class='ocr_line' id='line_1_24' title="bbox 198 2776 1270 2853; baseline 0.004 -19"><span class='ocrx_word' id='word_1_187' title='bbox 198 2776 359 2853; x_wconf 80' lang='lat' dir='ltr'><strong>Epicurum</strong></span> <span class='ocrx_word' id='word_1_188' title='bbox 382 2779 479 2840; x_wconf 91' lang='lat' dir='ltr'><strong>locum</strong></span> <span class='ocrx_word' id='word_1_189' title='bbox 501 2780 640 2840; x_wconf 84' lang='lat' dir='ltr'><strong>habuisse</strong></span> <span class='ocrx_word' id='word_1_190' title='bbox 663 2777 938 2839; x_wconf 78' lang='lat' dir='ltr'><strong>demonstravimus.</strong></span> <span class='ocrx_word' id='word_1_191' title='bbox 984 2783 1026 2839; x_wconf 76' lang='lat' dir='ltr'><strong>st</strong></span> <span class='ocrx_word' id='word_1_192' title='bbox 1040 2778 1133 2839; x_wconf 87' lang='lat' dir='ltr'><strong>altero</strong></span> <span class='ocrx_word' id='word_1_193' title='bbox 1148 2784 1270 2838; x_wconf 91' lang='lat' dir='ltr'><strong>auctore</strong></span> 
     </span>
     <span class='ocr_line' id='line_1_25' title="bbox 198 2882 1273 2959; baseline 0.004 -22"><span class='ocrx_word' id='word_1_194' title='bbox 198 2897 284 2938; x_wconf 90' lang='lat' dir='ltr'><strong>usum</strong></span> <span class='ocrx_word' id='word_1_195' title='bbox 312 2900 376 2940; x_wconf 89' lang='lat' dir='ltr'><strong>esse</strong></span> <span class='ocrx_word' id='word_1_196' title='bbox 399 2889 517 2959; x_wconf 90' lang='lat' dir='ltr'><strong>poetam</strong></span> <span class='ocrx_word' id='word_1_197' title='bbox 545 2883 577 2941; x_wconf 94' lang='lat' dir='ltr'><strong>in</strong></span> <span class='ocrx_word' id='word_1_198' title='bbox 600 2882 735 2943; x_wconf 88' lang='lat' dir='ltr'><strong>doctrina</strong></span> <span class='ocrx_word' id='word_1_199' title='bbox 765 2883 801 2941; x_wconf 92' lang='lat' dir='ltr'><strong>de</strong></span> <span class='ocrx_word' id='word_1_200' title='bbox 822 2889 920 2941; x_wconf 87' lang='lat' dir='ltr'><strong>terrae</strong></span> <span class='ocrx_word' id='word_1_201' title='bbox 947 2882 1077 2942; x_wconf 88' lang='lat' dir='ltr'><strong>motibus</strong></span> <span class='ocrx_word' id='word_1_202' title='bbox 1104 2882 1273 2942; x_wconf 86' lang='lat' dir='ltr'><strong>exhibenda</strong></span> 
     </span>
     <span class='ocr_line' id='line_1_26' title="bbox 198 2983 1271 3064; baseline 0.005 -24"><span class='ocrx_word' id='word_1_203' title='bbox 198 2983 359 3042; x_wconf 88' lang='lat' dir='ltr'><strong>contendo!</strong></span> <span class='ocrx_word' id='word_1_204' title='bbox 403 2985 512 3044; x_wconf 86' lang='lat' dir='ltr'><strong>Mirum</strong></span> <span class='ocrx_word' id='word_1_205' title='bbox 535 2985 614 3045; x_wconf 91' lang='lat' dir='ltr'><strong>enim</strong></span> <span class='ocrx_word' id='word_1_206' title='bbox 637 2991 690 3060; x_wconf 86' lang='lat' dir='ltr'><strong>est,</strong></span> <span class='ocrx_word' id='word_1_207' title='bbox 713 2986 793 3064; x_wconf 91' lang='lat' dir='ltr'><strong>quod</strong></span> <span class='ocrx_word' id='word_1_208' title='bbox 814 2985 1009 3062; x_wconf 90' lang='lat' dir='ltr'><strong>philosophus</strong></span> <span class='ocrx_word' id='word_1_209' title='bbox 1025 2985 1218 3045; x_wconf 83' lang='lat' dir='ltr'><strong>Atheniensis</strong></span> <span class='ocrx_word' id='word_1_210' title='bbox 1240 2989 1271 3046; x_wconf 90' lang='lat' dir='ltr'><strong>et</strong></span> 
     </span>
     <span class='ocr_line' id='line_1_27' title="bbox 198 3087 1271 3165; baseline 0.007 -23"><span class='ocrx_word' id='word_1_211' title='bbox 198 3100 308 3164; x_wconf 87' lang='lat' dir='ltr'><strong>aquam</strong></span> <span class='ocrx_word' id='word_1_212' title='bbox 329 3092 361 3147; x_wconf 91' lang='lat' dir='ltr'><strong>et</strong></span> <span class='ocrx_word' id='word_1_213' title='bbox 383 3087 520 3165; x_wconf 89' lang='lat' dir='ltr'><strong>spiritum</strong></span> <span class='ocrx_word' id='word_1_214' title='bbox 543 3094 573 3151; x_wconf 91' lang='lat' dir='ltr'><strong>et</strong></span> <span class='ocrx_word' id='word_1_215' title='bbox 595 3094 703 3148; x_wconf 89' lang='lat' dir='ltr'><strong>terram</strong></span> <span class='ocrx_word' id='word_1_216' title='bbox 725 3106 828 3147; x_wconf 86' lang='lat' dir='ltr'><strong>causas</strong></span> <span class='ocrx_word' id='word_1_217' title='bbox 850 3093 982 3148; x_wconf 91' lang='lat' dir='ltr'><strong>motuum</strong></span> <span class='ocrx_word' id='word_1_218' title='bbox 1012 3107 1076 3148; x_wconf 88' lang='lat' dir='ltr'><strong>esse</strong></span> <span class='ocrx_word' id='word_1_219' title='bbox 1097 3089 1210 3164; x_wconf 84' lang='lat' dir='ltr'><strong>arguit,</strong></span> <span class='ocrx_word' id='word_1_220' title='bbox 1240 3094 1271 3149; x_wconf 92' lang='lat' dir='ltr'><strong>et</strong></span> 
     </span>
     <span class='ocr_line' id='line_1_28' title="bbox 197 3185 1271 3268; baseline 0.007 -25"><span class='ocrx_word' id='word_1_221' title='bbox 197 3185 296 3262; x_wconf 80' lang='lat' dir='ltr'><strong>ignem</strong></span> <span class='ocrx_word' id='word_1_222' title='bbox 319 3189 433 3266; x_wconf 81' lang='lat' dir='ltr'><strong>ipsum,</strong></span> <span class='ocrx_word' id='word_1_223' title='bbox 456 3191 619 3268; x_wconf 87' lang='lat' dir='ltr'><strong>discipulus</strong></span> <span class='ocrx_word' id='word_1_224' title='bbox 640 3195 753 3265; x_wconf 79' lang='lat' dir='ltr'><strong>autam,</strong></span> <span class='ocrx_word' id='word_1_225' title='bbox 777 3191 802 3250; x_wconf 86' lang='lat' dir='ltr'><strong>si</strong></span> <span class='ocrx_word' id='word_1_226' title='bbox 822 3190 1086 3267; x_wconf 86' lang='lat' dir='ltr'><strong>praetermittimus</strong></span> <span class='ocrx_word' id='word_1_227' title='bbox 1107 3191 1271 3250; x_wconf 83' lang='lat' dir='ltr'><strong>Anaxime-</strong></span> 
     </span>
     <span class='ocr_line' id='line_1_29' title="bbox 197 3291 1270 3372; baseline 0.006 -25"><span class='ocrx_word' id='word_1_228' title='bbox 197 3307 269 3350; x_wconf 89' lang='lat' dir='ltr'><strong>neas</strong></span> <span class='ocrx_word' id='word_1_229' title='bbox 291 3291 448 3367; x_wconf 88' lang='lat' dir='ltr'><strong>doctrinas,</strong></span> <span class='ocrx_word' id='word_1_230' title='bbox 472 3312 546 3372; x_wconf 91' lang='lat' dir='ltr'><strong>quas</strong></span> <span class='ocrx_word' id='word_1_231' title='bbox 566 3294 625 3353; x_wconf 90' lang='lat' dir='ltr'><strong>iam</strong></span> <span class='ocrx_word' id='word_1_232' title='bbox 648 3295 685 3354; x_wconf 91' lang='lat' dir='ltr'><strong>ab</strong></span> <span class='ocrx_word' id='word_1_233' title='bbox 708 3299 828 3354; x_wconf 89' lang='lat' dir='ltr'><strong>auctore</strong></span> <span class='ocrx_word' id='word_1_234' title='bbox 851 3293 1025 3370; x_wconf 87' lang='lat' dir='ltr'><strong>disciplinae</strong></span> <span class='ocrx_word' id='word_1_235' title='bbox 1048 3299 1182 3370; x_wconf 87' lang='lat' dir='ltr'><strong>receptas</strong></span> <span class='ocrx_word' id='word_1_236' title='bbox 1205 3313 1270 3354; x_wconf 89' lang='lat' dir='ltr'><strong>esse</strong></span> 
     </span>
     <span class='ocr_line' id='line_1_30' title="bbox 198 3392 1270 3475; baseline 0.007 -26"><span class='ocrx_word' id='word_1_237' title='bbox 198 3392 300 3466; x_wconf 82' lang='lat' dir='ltr'><strong>negari</strong></span> <span class='ocrx_word' id='word_1_238' title='bbox 322 3395 435 3475; x_wconf 89' lang='lat' dir='ltr'><strong>nequit,</strong></span> <span class='ocrx_word' id='word_1_239' title='bbox 459 3397 545 3456; x_wconf 90' lang='lat' dir='ltr'><strong>modo</strong></span> <span class='ocrx_word' id='word_1_240' title='bbox 567 3401 691 3462; x_wconf 85' lang='lat' dir='ltr'><strong>ventum</strong></span> <span class='ocrx_word' id='word_1_241' title='bbox 713 3415 831 3456; x_wconf 85' lang='lat' dir='ltr'><strong>oausam</strong></span> <span class='ocrx_word' id='word_1_242' title='bbox 854 3415 918 3457; x_wconf 87' lang='lat' dir='ltr'><strong>esse</strong></span> <span class='ocrx_word' id='word_1_243' title='bbox 940 3397 1044 3458; x_wconf 87' lang='lat' dir='ltr'><strong>voluit.</strong></span> <span class='ocrx_word' id='word_1_244' title='bbox 1089 3397 1148 3455; x_wconf 81' lang='lat' dir='ltr'><strong>Cur</strong></span> <span class='ocrx_word' id='word_1_245' title='bbox 1169 3395 1270 3471; x_wconf 84' lang='lat' dir='ltr'><strong>ignem</strong></span> 
     </span>
     <span class='ocr_line' id='line_1_31' title="bbox 201 3493 1272 3577; baseline 0.007 -27"><span class='ocrx_word' id='word_1_246' title='bbox 201 3493 318 3555; x_wconf 86' lang='lat' dir='ltr'><strong>omisit?</strong></span> <span class='ocrx_word' id='word_1_247' title='bbox 356 3497 512 3559; x_wconf 88' lang='lat' dir='ltr'><strong>Placuitne</strong></span> <span class='ocrx_word' id='word_1_248' title='bbox 534 3498 675 3577; x_wconf 83' lang='lat' dir='ltr'><strong>magistro</strong></span> <span class='ocrx_word' id='word_1_249' title='bbox 699 3498 819 3577; x_wconf 54' lang='lat' dir='ltr'><strong>‘nubam</strong></span> <span class='ocrx_word' id='word_1_250' title='bbox 843 3500 930 3559; x_wconf 90' lang='lat' dir='ltr'><strong>aliam</strong></span> <span class='ocrx_word' id='word_1_251' title='bbox 953 3519 1070 3560; x_wconf 89' lang='lat' dir='ltr'><strong>oausam</strong></span> <span class='ocrx_word' id='word_1_252' title='bbox 1093 3518 1156 3560; x_wconf 88' lang='lat' dir='ltr'><strong>esse</strong></span> <span class='ocrx_word' id='word_1_253' title='bbox 1178 3499 1272 3558; x_wconf 90' lang='lat' dir='ltr'><strong>maio·</strong></span> 
     </span>
     <span class='ocr_line' id='line_1_32' title="bbox 199 3601 1270 3678; baseline 0.008 -25"><span class='ocrx_word' id='word_1_254' title='bbox 199 3613 260 3655; x_wconf 88' lang='lat' dir='ltr'><strong>rem</strong></span> <span class='ocrx_word' id='word_1_255' title='bbox 279 3617 367 3677; x_wconf 90' lang='lat' dir='ltr'><strong>quam</strong></span> <span class='ocrx_word' id='word_1_256' title='bbox 383 3601 551 3678; x_wconf 84' lang='lat' dir='ltr'><strong>spiritum’?</strong></span> <span class='ocrx_word' id='word_1_257' title='bbox 594 3603 680 3676; x_wconf 78' lang='lat' dir='ltr'><strong>Sene,</strong></span> <span class='ocrx_word' id='word_1_258' title='bbox 703 3603 754 3661; x_wconf 91' lang='lat' dir='ltr'><strong>ssd</strong></span> <span class='ocrx_word' id='word_1_259' title='bbox 777 3623 829 3663; x_wconf 92' lang='lat' dir='ltr'><strong>our</strong></span> <span class='ocrx_word' id='word_1_260' title='bbox 850 3605 927 3662; x_wconf 89' lang='lat' dir='ltr'><strong>hanc</strong></span> <span class='ocrx_word' id='word_1_261' title='bbox 944 3602 1182 3663; x_wconf 88' lang='lat' dir='ltr'><strong>distributionem</strong></span> <span class='ocrx_word' id='word_1_262' title='bbox 1201 3623 1270 3662; x_wconf 91' lang='lat' dir='ltr'><strong>con-</strong></span> 
     </span>
     <span class='ocr_line' id='line_1_33' title="bbox 200 3699 1270 3787; baseline 0.007 -30"><span class='ocrx_word' id='word_1_263' title='bbox 200 3699 365 3762; x_wconf 89' lang='lat' dir='ltr'><strong>cussionem</strong></span> <span class='ocrx_word' id='word_1_264' title='bbox 380 3703 460 3778; x_wconf 83' lang='lat' dir='ltr'><strong>iecit,</strong></span> <span class='ocrx_word' id='word_1_265' title='bbox 483 3704 715 3778; x_wconf 89' lang='lat' dir='ltr'><strong>inclinationem,</strong></span> <span class='ocrx_word' id='word_1_266' title='bbox 737 3705 861 3780; x_wconf 90' lang='lat' dir='ltr'><strong>hiatum,</strong></span> <span class='ocrx_word' id='word_1_267' title='bbox 884 3706 970 3787; x_wconf 88' lang='lat' dir='ltr'><strong>quasi</strong></span> <span class='ocrx_word' id='word_1_268' title='bbox 984 3707 1146 3779; x_wconf 84' lang='lat' dir='ltr'><strong>horrorem,</strong></span> <span class='ocrx_word' id='word_1_269' title='bbox 1169 3725 1270 3786; x_wconf 90' lang='lat' dir='ltr'><strong>quam·</strong></span> 
     </span>
     <span class='ocr_line' id='line_1_34' title="bbox 199 3804 1270 3888; baseline 0.002 -24"><span class='ocrx_word' id='word_1_270' title='bbox 199 3821 287 3883; x_wconf 88' lang='lat' dir='ltr'><strong>quam</strong></span> <span class='ocrx_word' id='word_1_271' title='bbox 314 3804 366 3864; x_wconf 92' lang='lat' dir='ltr'><strong>ille</strong></span> <span class='ocrx_word' id='word_1_272' title='bbox 393 3813 491 3868; x_wconf 92' lang='lat' dir='ltr'><strong>motus</strong></span> <span class='ocrx_word' id='word_1_273' title='bbox 514 3825 616 3867; x_wconf 86' lang='lat' dir='ltr'><strong>causas</strong></span> <span class='ocrx_word' id='word_1_274' title='bbox 645 3808 709 3867; x_wconf 86' lang='lat' dir='ltr'><strong>sine</strong></span> <span class='ocrx_word' id='word_1_275' title='bbox 732 3809 835 3867; x_wconf 89' lang='lat' dir='ltr'><strong>ordine</strong></span> <span class='ocrx_word' id='word_1_276' title='bbox 858 3809 1025 3885; x_wconf 89' lang='lat' dir='ltr'><strong>composuit</strong></span> <span class='ocrx_word' id='word_1_277' title='bbox 1052 3828 1164 3888; x_wconf 88' lang='lat' dir='ltr'><strong>neque,</strong></span> <span class='ocrx_word' id='word_1_278' title='bbox 1194 3827 1270 3887; x_wconf 89' lang='lat' dir='ltr'><strong>quae</strong></span> 
     </span>
     <span class='ocr_line' id='line_1_35' title="bbox 198 3909 1269 3987; baseline 0.003 -20"><span class='ocrx_word' id='word_1_279' title='bbox 198 3927 308 3983; x_wconf 80' lang='lat' dir='ltr'><strong>genera</strong></span> <span class='ocrx_word' id='word_1_280' title='bbox 328 3909 366 3969; x_wconf 89' lang='lat' dir='ltr'><strong>iis</strong></span> <span class='ocrx_word' id='word_1_281' title='bbox 388 3910 589 3982; x_wconf 86' lang='lat' dir='ltr'><strong>efficerentur,</strong></span> <span class='ocrx_word' id='word_1_282' title='bbox 611 3915 812 3987; x_wconf 88' lang='lat' dir='ltr'><strong>perscrutatus</strong></span> <span class='ocrx_word' id='word_1_283' title='bbox 834 3911 896 3972; x_wconf 89' lang='lat' dir='ltr'><strong>est?</strong></span> <span class='ocrx_word' id='word_1_284' title='bbox 940 3911 1024 3971; x_wconf 88' lang='lat' dir='ltr'><strong>Haec</strong></span> <span class='ocrx_word' id='word_1_285' title='bbox 1046 3911 1196 3971; x_wconf 88' lang='lat' dir='ltr'><strong>distinctio</strong></span> <span class='ocrx_word' id='word_1_286' title='bbox 1219 3930 1269 3986; x_wconf 85' lang='lat' dir='ltr'><strong>ge·</strong></span> 
     </span>
     <span class='ocr_line' id='line_1_36' title="bbox 144 4012 1270 4093; baseline 0 -20"><span class='ocrx_word' id='word_1_287' title='bbox 144 4063 147 4073; x_wconf 93' lang='lat'>.</span> <span class='ocrx_word' id='word_1_288' title='bbox 198 4029 303 4070; x_wconf 88' lang='lat' dir='ltr'><strong>nerum</strong></span> <span class='ocrx_word' id='word_1_289' title='bbox 326 4012 503 4073; x_wconf 90' lang='lat' dir='ltr'><strong>Lucretiana</strong></span> <span class='ocrx_word' id='word_1_290' title='bbox 525 4033 564 4073; x_wconf 87' lang='lat' dir='ltr'><strong>ex</strong></span> <span class='ocrx_word' id='word_1_291' title='bbox 585 4013 643 4074; x_wconf 90' lang='lat' dir='ltr'><strong>alio</strong></span> <span class='ocrx_word' id='word_1_292' title='bbox 665 4015 750 4075; x_wconf 85' lang='lat' dir='ltr'><strong>fonte</strong></span> <span class='ocrx_word' id='word_1_293' title='bbox 774 4016 893 4092; x_wconf 87' lang='lat' dir='ltr'><strong>(nempe</strong></span> <span class='ocrx_word' id='word_1_294' title='bbox 915 4034 954 4074; x_wconf 89' lang='lat' dir='ltr'><strong>ex</strong></span> <span class='ocrx_word' id='word_1_295' title='bbox 968 4013 1142 4093; x_wconf 90' lang='lat' dir='ltr'><strong>Posidonio)</strong></span> <span class='ocrx_word' id='word_1_296' title='bbox 1164 4014 1270 4073; x_wconf 88' lang='lat' dir='ltr'><strong>hausta</strong></span> 
     </span>
    </p>
   </div>
   <div class='ocr_carea' id='block_1_8' title="bbox 198 4137 1270 4306">
    <p class='ocr_par' dir='ltr' id='par_1_10' title="bbox 198 4137 1270 4306">
     <span class='ocr_line' id='line_1_37' title="bbox 266 4137 1270 4221; baseline 0.002 -25"><span class='ocrx_word' id='word_1_297' title='bbox 266 4151 293 4211; x_wconf 82' lang='lat'><strong>8)</strong></span> <span class='ocrx_word' id='word_1_298' title='bbox 312 4150 344 4198; x_wconf 80' lang='lat' dir='ltr'><strong>ct.</strong></span> <span class='ocrx_word' id='word_1_299' title='bbox 362 4147 468 4210; x_wconf 80' lang='lat' dir='ltr'><strong>Diogen.</strong></span> <span class='ocrx_word' id='word_1_300' title='bbox 486 4148 518 4208; x_wconf 79' lang='lat' dir='ltr'><strong>X,</strong></span> <span class='ocrx_word' id='word_1_301' title='bbox 537 4152 601 4198; x_wconf 79' lang='lat'>114:</span> <span class='ocrx_word' id='word_1_302' title='bbox 628 4147 681 4221; x_wconf 49' lang='lat' dir='ltr'><strong>‘ant</strong></span> <span class='ocrx_word' id='word_1_303' title='bbox 698 4145 768 4213; x_wconf 83' lang='grc' dir='ltr'><strong>παρὰ</strong></span> <span class='ocrx_word' id='word_1_304' title='bbox 786 4145 910 4202; x_wconf 66' lang='grc' dir='ltr'><strong>ἔκπτωσιν</strong></span> <span class='ocrx_word' id='word_1_305' title='bbox 928 4137 959 4200; x_wconf 74' lang='grc' dir='ltr'><strong>οὗ</strong></span> <span class='ocrx_word' id='word_1_306' title='bbox 976 4139 1006 4200; x_wconf 74' lang='grc' dir='ltr'><strong>ἄν</strong></span> <span class='ocrx_word' id='word_1_307' title='bbox 1024 4144 1043 4212; x_wconf 72' lang='grc' dir='ltr'><strong>η’</strong></span> <span class='ocrx_word' id='word_1_308' title='bbox 1062 4145 1270 4213; x_wconf 68' lang='lat' dir='ltr'><strong>irrerepsisset&lt;</strong></span> 
     </span>
     <span class='ocr_line' id='line_1_38' title="bbox 198 4227 1267 4306; baseline 0 -21"><span class='ocrx_word' id='word_1_309' title='bbox 198 4227 316 4302; x_wconf 63' lang='grc' dir='ltr'><strong><em>γένηται</em></strong></span> <span class='ocrx_word' id='word_1_310' title='bbox 333 4230 558 4306; x_wconf 66' lang='grc' dir='ltr'><strong>ίιιιιινειμιιτιῡιιιι</strong></span> <span class='ocrx_word' id='word_1_311' title='bbox 569 4231 584 4288; x_wconf 75' lang='grc' dir='ltr'><em>ὁ</em></span> <span class='ocrx_word' id='word_1_312' title='bbox 596 4227 657 4300; x_wconf 60' lang='grc' dir='ltr'><strong>ἀοι</strong></span> <span class='ocrx_word' id='word_1_313' title='bbox 669 4235 802 4295; x_wconf 64' lang='lat' dir='ltr'><strong>ramnes</strong></span> <span class='ocrx_word' id='word_1_314' title='bbox 813 4235 894 4296; x_wconf 80' lang='lat' dir='ltr'><strong>prou.</strong></span> <span class='ocrx_word' id='word_1_315' title='bbox 913 4249 937 4296; x_wconf 82' lang='lat' dir='ltr'><strong>p.</strong></span> <span class='ocrx_word' id='word_1_316' title='bbox 952 4235 1023 4285; x_wconf 80' lang='lat' dir='ltr'><strong>sess</strong></span> <span class='ocrx_word' id='word_1_317' title='bbox 1042 4237 1074 4283; x_wconf 88' lang='lat' dir='ltr'><strong>ra</strong></span> <span class='ocrx_word' id='word_1_318' title='bbox 1087 4249 1123 4294; x_wconf 73' lang='lat' dir='ltr'><strong>sq.</strong></span> <span class='ocrx_word' id='word_1_319' title='bbox 1143 4237 1214 4283; x_wconf 79' lang='grc' dir='ltr'><strong><em>οιιι</em></strong></span> <span class='ocrx_word' id='word_1_320' title='bbox 1230 4238 1267 4285; x_wconf 81' lang='grc' dir='ltr'><strong>ιι.</strong></span> 
     </span>
    </p>
   </div>
   <div class='ocr_carea' id='block_1_9' title="bbox 0 0 1509 4828">
    <p class='ocr_par' dir='ltr' id='par_1_11' title="bbox 0 0 1509 4828">
     <span class='ocr_line' id='line_1_39' title="bbox 0 0 1509 4828; baseline 0 0"><span class='ocrx_word' id='word_1_321' title='bbox 0 0 1509 4828; x_wconf 95' lang='lat' dir='ltr'><strong> </strong></span> 
     </span>
    </p>
   </div>
  </div>
 </body>
</html>
