3004 4828
633 385 844 451 ..43..

201 534 336 612 ἑπτάκις,
368 532 386 598 δ
408 535 439 598 δὲ
461 535 536 600 κατιί
561 533 724 612 Βυζάντιον
754 535 824 600 οὐδὲ
846 537 1032 616 μετέβαλλεν,
1063 533 1136 600 oillei
1158 537 1275 601 διετέλει

200 635 252 702 adv
275 639 383 720 ἔκρουν
405 637 498 717 μόνον
520 639 595 719 ἔχων
616 636 668 702 τδν
690 639 723 702 ἐκ
746 645 799 702 τοῦ
823 644 974 702 Ποντικοῦ
996 637 1203 722 waltprugele
1221 637 1275 720 τὴν

208 743 409 822 Προποντίδα,
436 737 477 817 aig
499 741 531 804 δὲ
551 738 718 824 Ἵππαρχος
741 744 853 824 ἱστορεῖ
871 742 921 804 καὶ
940 740 1033 823 μονιίς
1051 766 1122 805 ποτε
1141 745 1278 806 ἐποιεῖτο.

201 847 285 908 Idem
309 849 410 908 doonit
431 847 583 924 Diogenes
606 849 812 926 Apolloniates
840 851 917 926 apud
941 848 1080 910 Seneeam
1104 852 1140 908 N.
1165 849 1199 913 Q,
1222 851 1275 923 IV,

202 957 230 1024 2,
249 955 304 1010 29:
327 951 371 1028 ιοδ
393 953 446 1010 hoo
468 951 575 1010 Pontus
598 955 627 1010 ιἰι
651 951 795 1031 infernum
817 973 895 1012 mare
918 953 1036 1011 adsidue
1049 955 1123 1032 fluit
1144 956 1273 1031 repellar,

201 1073 256 1111 ιιοπ
280 1063 426 1112 altatare
450 1057 542 1112 ιοανιό
564 1057 718 1113 alternatis
742 1057 817 1113 ultro
833 1059 963 1133 citroque
980 1055 1115 1127 aestibus,
1141 1059 1171 1114 ιἰι
1190 1075 1275 1114 unam

198 1165 308 1232 portem
331 1176 441 1233 semper
459 1176 571 1233 pronas
593 1166 623 1215 et
644 1159 779 1216 torrens?
823 1158 913 1219 Cuius
935 1159 1113 1219 sententiam
1135 1159 1276 1220 Senecam

202 1278 241 1316 ex
263 1259 423 1318 Posidonio
448 1259 504 1319 sibi
527 1242 693 1319 iindieasse
713 1261 875 1322 verisimile
903 1267 964 1335 est,
997 1263 1067 1341 quia
1095 1262 1127 1320 in
1149 1267 1212 1322 tota
1241 1263 1276 1320 de

202 1363 270 1420 Nilo
284 1362 485 1438 disputatione
501 1363 585 1421 illum
600 1364 688 1422 huius
704 1363 812 1423 librum
826 1370 958 1424 secutum
971 1384 1035 1425 esse
1046 1365 1194 1425 Dialesius
1209 1385 1276 1441 pro·

201 1465 284 1524 bavit
305 1464 359 1524 ll.
382 1485 411 1541 p.
428 1470 500 1525 229.
545 1467 658 1539 Restat,
683 1471 716 1527 ut
738 1487 814 1547 quae
837 1467 953 1528 Plinius
976 1469 1012 1527 de
1034 1468 1167 1528 fontibus
1190 1468 1278 1526 mira·

200 1567 311 1626 bilibus
334 1568 545 1627 Gaditanorum
569 1575 599 1628 et
621 1571 657 1628 de
677 1571 775 1646 puteis
797 1571 829 1629 in
851 1571 917 1646 ripa
939 1571 1039 1631 Baetis
1061 1575 1092 1629 et
1112 1570 1144 1627 in
1167 1570 1276 1646 oppido

202 1670 320 1745 Hispali
343 1671 409 1731 sitis
432 1677 611 1744 narraverat,
635 1677 715 1731 oerto
731 1675 844 1733 auetori
860 1674 1038 1734 tribuantur.
1082 1674 1127 1730 De
1142 1673 1276 1732 fontibus

202 1773 280 1832 idem
312 1772 436 1833 tradidit
457 1773 636 1834 Posidonius
667 1776 745 1851 apud
776 1775 951 1834 Strabonem
975 1777 1040 1848 ΙΙΙ,
1061 1779 1119 1833 172
1143 1775 1191 1852 (fr.
1208 1775 1277 1854 95):

206 1867 471 1944 Ποσειδώνιος
494 1870 526 1934 δὲ
541 1874 641 1951 ψευδῆ
659 1873 750 1955 λέγων
767 1870 820 1952 τὴν
839 1875 972 1954 ἱστορίαν
991 1869 1066 1936 εἶναι
1089 1869 1199 1952 ταύτην
1222 1869 1276 1934 δύο

205 1973 297 2052 φησίν
321 1967 394 2035 εἶναι
417 1973 530 2053 φρέατα
553 1976 584 2037 ἐν
607 1981 647 2059 τῷ
667 1971 826 2062 Ἡρακλείῳ
856 1976 906 2039 καί
936 1979 1034 2058 τρίτον
1064 1977 1095 2040 ἐν
1118 1981 1154 2062 τῇ
1176 1971 1275 2038 πόλει·

203 2081 261 2137 τῶν
284 2071 309 2136 δ’
332 2076 363 2138 ἐν
385 2079 425 2160 τῷ
445 2071 604 2162 Ἡρακλείῳ
633 2074 666 2140 ud
690 2077 741 2156 μὲν
770 2076 945 2160 μικρότερον
974 2075 1184 2161 ὑδρευομένων
1208 2099 1276 2140 συν·

202 2183 275 2258 εχοίς
304 2175 448 2264 αὕθωρδν
480 2181 529 2242 καί
562 2181 721 2256 ἐκλείπειν,
752 2183 802 2244 καὶ
833 2179 1043 2245 διαλειπόντων
1076 2187 1128 2262 τῆς
1157 2177 1277 2262 δδρείας

203 2285 392 2364 πληροῦσθαι
426 2281 529 2344 πάλιν·
567 2279 599 2346 τδ
631 2283 663 2346 δὲ
696 2289 793 2364 μεῖζον
823 2281 860 2346 δι’
891 2284 961 2363 ὅλης
994 2291 1047 2364 τῆς
1079 2280 1191 2366 ἡμέρας
1224 2280 1278 2362 τήν

203 2380 326 2463 δδρείαν
349 2386 425 2464 ἕχον,
457 2383 632 2465 μειούμενον
659 2388 774 2468 μέντοι,
808 2385 949 2468 καθάπερ
977 2389 1027 2450 ’καί
1053 2380 1141 2449 τᾶλλα
1163 2385 1278 2468 φρέατα

204 2487 312 2563 πάντα,
346 2485 461 2567 νύκτωρ
485 2495 691 2570 πληροῦσθαι,
725 2490 828 2570 μηκέτι
859 2485 1080 2569 ὑδρευομένων·
1115 2486 1216 2566 ἐπειδὴ
1246 2487 1277 2550 δὲ

206 2595 367 2670 συμπίπτει
390 2591 466 2653 κατα
483 2589 534 2652 τίν
551 2596 604 2670 τῆς
623 2591 861 2672 συμπληρωσεως
882 2591 989 2676 καιρδν
1011 2589 1031 2670 ἡ
1051 2589 1187 2673 δίμπωτις
1209 2597 1278 2654 πολ-

203 2692 294 2768 λάκις,
319 2700 535 2758 πεπιστεῦσθαι
558 2701 651 2768 κενῶς
674 2691 732 2756 δπδ
756 2701 814 2758 τῶν
832 2697 980 2778 ἐγχωρίων
997 2694 1052 2774 τήν
1069 2692 1277 2757 ἀντιπάθειαι.

204 2801 308 2860 Paullo
338 2807 407 2878 post
436 2803 572 2882 sequitur
604 2801 791 2861 Athenodori
822 2803 970 2862 sententia
1004 2805 1039 2863 de
1068 2803 1115 2861 his
1144 2803 1278 2861 fontibus

203 2905 281 2980 apud
313 2904 489 2964 Strabonem
518 2925 547 2980 p.
568 2904 636 2963 173.
680 2905 795 2964 Baetim
828 2911 925 2964 autem
958 2905 1071 2963 flumen
1102 2905 1279 2964 Posidonius

204 3009 283 3084 apud
305 3009 429 3066 eundem
453 3009 627 3084 scriptorem
649 3029 679 3084 p.
697 3009 755 3066 174
772 3007 848 3084 (eod.
864 3008 963 3083 frgm.)
988 3009 1088 3068 docuit
1103 3009 1181 3067 eirea
1194 3007 1278 3067 novi-

203 3110 317 3168 lunium
340 3111 446 3170 aestivi
470 3111 588 3170 solstitii
611 3111 766 3183 inundare,
789 3113 869 3191 quod
892 3130 1069 3190 quamquam
1091 3131 1158 3170 eum
1180 3110 1279 3168 Plinio

203 3233 264 3272 non
288 3213 451 3286 eonsenft,
486 3219 585 3273 tamen
614 3214 724 3273 stoious
752 3215 802 3272 ille
825 3213 1021 3289 philosophus
1042 3215 1167 3272 fortasse
1190 3212 1278 3288 etiam

205 3318 240 3375 de
263 3315 361 3392 puteis
384 3315 515 3391 regionis
534 3317 598 3375 eius
621 3316 822 3377 arescentibus
845 3317 1143 3395 deoresaontibusque
1165 3313 1278 3393 aliquid

204 3419 331 3495 scripsit.
375 3418 432 3477 Sed
454 3419 511 3478 hoo
532 3419 565 3477 in
587 3419 758 3478 oonieotura
786 3419 916 3495 positum
947 3425 1006 3491 est,
1039 3418 1069 3476 id
1092 3424 1190 3477 autem
1212 3435 1278 3475 meo

203 3522 267 3580 iure
290 3522 469 3580 contendere
491 3541 538 3580 me
561 3523 704 3594 arbitror,
734 3541 799 3580 eum
824 3523 1034 3581 Athenodorus
1056 3522 1134 3598 apud
1157 3520 1278 3580 Strabo-

204 3645 272 3683 nem
304 3625 336 3682 in
366 3644 434 3700 pag.
452 3628 489 3682 55
523 3628 554 3684 et
584 3625 714 3683 Plinium
749 3624 765 3702 ξ
789 3630 850 3682 219
883 3627 921 3683 ad
952 3642 1135 3683 communem
1165 3624 1277 3681 fontem

204 3728 344 3800 redeant,
376 3747 436 3807 qua
458 3729 494 3786 do
516 3747 549 3786 re
572 3727 701 3786 dubitari
723 3747 783 3786 non
807 3727 892 3798 lieet,
927 3727 992 3785 luae
1015 3727 1121 3785 elarius
1143 3745 1206 3784 esse
1229 3742 1280 3784 eoa

205 3851 244 3890 ex
265 3830 426 3890 Posidonio
456 3831 598 3890 hausisse.
644 3829 868 3889 Athenodorum
898 3829 978 3886 enim
999 3828 1115 3887 Plinius
1145 3847 1203 3885 non
1229 3827 1278 3884 ad-

205 3935 317 4008 hibuit,
349 3934 419 4014 quia
441 3952 587 4012 nusquam
610 3953 719 3994 nomen
742 3933 806 3991 eius
830 3938 1054 4003 commemorat,
1085 3929 1277 3989 Posidonium

205 4047 303 4098 autem
331 4038 363 4095 in
385 4037 462 4096 libro
480 4035 515 4094 Π
537 4036 646 4095 laudat.
691 4037 730 4094 Et
760 4035 891 4094 eiusdem
918 4034 1026 4092 librum
1055 4033 1279 4092 Athenodorum

205 4158 269 4200 esse
290 4140 439 4199 imitatum
461 4146 492 4199 et
514 4139 707 4215 exseripsisse
730 4139 799 4197 inde
822 4144 963 4214 apparet,
998 4137 1078 4217 quod
1099 4138 1176 4212 apud
1199 4135 1279 4194 Stra·
1328 4207 1331 4214 Ι

204 4243 311 4302 bonam
341 4242 406 4302 eius
437 4260 546 4301 nomen
576 4243 662 4301 modo
693 4245 740 4302 ter
771 4242 896 4301 affertur
924 4245 956 4300 et
981 4258 1098 4315 semper
1125 4258 1186 4297 una
1212 4258 1278 4297 oum
1356 4227 1360 4238 '
