3004 4828
671 384 884 456 *50-

242 565 345 606 nervos
367 544 445 604 velot
465 541 605 604 ebrictate
629 545 790 624 torpentes!
819 564 900 626 cqc.
944 543 1073 607 Senecae
1095 549 1192 608 aetate
1214 566 1250 607 ea
1270 547 1318 611 vis

240 647 319 709 lacui
340 650 461 710 Averno
484 667 543 708 non
566 647 671 722 inerat,
693 653 728 709 ut
749 648 898 709 StraboV
920 669 949 730 p.
966 650 1060 709 2450
1083 654 1114 710 et
1135 649 1257 712 Servius
1281 651 1339 710 ad'

242 750 331 828 Verg.
347 753 421 811 Aen.
436 751 495 825 III,
514 755 576 810 442
599 751 723 812 δὶοιιιιε.1
755 751 862 832 Itaque
889 756 1015 829 apparet
1036 751 1177 813 Senecam
1207 754 1317 813 descri-

241 852 376 932 ptionem
392 873 432 914 ex
449 855 553 914 eodem
575 857 695 915 auctore
716 853 859 929 hausisse,
881 872 921 913 ex
936 873 995 933 quo
1011 872 1054 928 ea,
1077 874 1154 935 quae
1170 858 1206 915 de
1220 861 1318 916 terrae

243 956 374 1018 motibus
395 961 426 1017 et
448 959 484 1017 de
504 957 639 1019 fontibus
659 957 692 1015 in
712 955 799 1017 libris
817 957 853 1017 H
870 959 901 1016 et
917 956 969 1016 HI
985 959 1134 1034 exposuit,
1156 979 1196 1018 ex
1214 961 1319 1020 eodem

243 1059 334 1121 etiam
355 1059 496 1134 Plinium,
519 1078 596 1140 quae
619 1059 655 1118 de
677 1062 797 1120 Averno
821 1057 838 1138 ς
862 1064 921 1118 208
946 1060 1078 1136 scripsit;
1101 1080 1170 1120 nam
1193 1061 1320 1124 stoicum

244 1161 334 1223 huius
355 1163 470 1224 fontem
491 1162 584 1222 fuisse
605 1160 639 1219 in
661 1161 721 1221 fine
743 1162 921 1240 paragraphi
944 1162 1176 1238 demonstratur,
1208 1165 1261 1224 ubi
1283 1167 1319 1224 de

243 1266 365 1327 numine
380 1264 483 1328 divino
500 1265 643 1346 loquitur,
666 1268 701 1324 ut
721 1264 780 1324 iam
795 1268 884 1325 antea
905 1265 1016 1324 monui.
1060 1266 1228 1328 Nonnullos
1244 1269 1319 1328 cha-

243 1387 336 1430 ronea
357 1368 432 1430 tales
454 1368 592 1446 regiones
613 1387 721 1431 vocare
743 1368 799 1442 eit,
823 1387 881 1448 quo
903 1367 1024 1428 nomine
1047 1369 1136 1428 etiam
1159 1369 1252 1430 Stoici
1272 1371 1321 1430 usi

244 1477 322 1548 sunt,
343 1476 422 1534 teste
437 1471 572 1548 Diogene
589 1471 656 1544 VH,
677 1475 753 1529 123:
775 1465 817 1528 ῖτι
838 1489 870 1549 γε
892 1462 943 1529 τδν
965 1463 1062 1563 cepio
1086 1464 1175 1531 οὐδὲν
1197 1464 1320 1550 θανμιῖ-

244 1576 299 1648 ζειν
320 1575 380 1634 τοῖν
402 1565 572 1634 δοκούντων
593 1564 784 1652 παραδόξων,
808 1563 874 1633 οἷον
894 1567 1054 1653 Χαρώνεια
1074 1571 1126 1634 καὶ
1144 1568 1321 1652 ἀμπώτιδας

243 1674 295 1740 καὶ
325 1668 423 1758 πηγαῖς
450 1663 574 1756 θερμῶν
602 1667 722 1736 δδιῖτων
751 1671 802 1735 καὶ
829 1667 926 1755 πνρδς
949 1669 1179 1754 ἀναφυσήματα.
1222 1677 1321 1739 Etiam

245 1783 324 1864 quod
346 1785 448 1843 auctor
468 1781 538 1842 libri
560 1782 597 1841 de
618 1781 728 1840 mundo
751 1779 797 1840 IV
818 1799 847 1857 p.
863 1780 954 1839 3951)
978 1785 1017 1839 26
1042 1783 1078 1841 de
1099 1781 1147 1841 his
1168 1780 1243 1841 locis
1266 1801 1318 1842 ex-

243 1884 360 1962 posuit:
391 1873 502 1960 δμοίως
531 1877 636 1943 δὲκαὶ
665 1883 725 1942 τοῖν
754 1873 933 1958 πνευμάτων
963 1875 1058 1943 πολλοὶ
1088 1883 1237 1960 πολλαχοῦ
1266 1885 1321 1964 γῆς

244 1979 351 2065 στόμια
372 1979 528 2070 ἀνέῳκται,
553 1973 595 2046 νῖν
616 1979 654 2044 roi
676 1979 729 2061 μὲν
747 1980 908 2044 δνθουσιῖιν
925 1988 1008 2045 ποιεῖ
1019 1978 1090 2058 τοδς
1106 1981 1321 2062 ἐμπελάζοντας

245 2082 282 2149 soi
303 2084 335 2150 δὲ
357 2083 515 2170 ἀτροφεῖν,
547 2081 583 2148 τοὶ
606 2083 638 2149 δὲ
659 2086 859 2171 χρησμῳδεῖν,
883 2081 981 2168 οἵσπερ
1004 2083 1040 2148 roi
1063 2087 1095 2150 ἔν
1118 2092 1248 2165 Δελφοῖς
1269 2086 1321 2151 καὶ

246 2189 402 2276 Λεβαδῖμ·
426 2185 463 2253 τοὶ
484 2187 517 2253 δὲ
539 2188 588 2253 καῖ
611 2185 801 2252 παντάπασιν
823 2187 946 2271 ἀναιρεῖ,
969 2186 1109 2273 καθάπερ
1132 2187 1164 2253 roi
1188 2191 1220 2254 ἐν
1239 2194 1321 2275 Φρυ-

247 2295 297 2380 pige
320 2316 359 2356 ex
372 2297 535 2358 Posidonio
556 2297 681 2358 fluxisse
695 2295 822 2357 videtur.
867 2297 954 2358 Certe
968 2297 1098 2358 Senecae
1114 2299 1207 2360 verba
1225 2297 1321 2358 eidem

245 2400 405 2462 tribuenda
425 2405 504 2476 eunt,
526 2420 625 2481 neque
646 2400 759 2474 dubito,
783 2399 857 2480 quin
874 2399 1007 2462 Lucretii
1025 2420 1145 2482 quoquc
1161 2420 1267 2463 versus
1285 2402 1322 2460 de

244 2503 312 2564 lacu
333 2506 454 2566 Averno
477 2503 707 2565 Posidonianam
728 2502 894 2563 doctrinam
916 2505 1050 2564 reddant.

305 2605 472 2688 Sequitur
499 2606 532 2666 in
561 2606 701 2667 carminis
729 2605 902 2667 Lucretiani
922 2627 972 2668 vv.
990 2607 1114 2666 848-7
1119 2613 1136 2666 8
1161 2606 1320 2684 descriptio

245 2709 339 2771 fontis
359 2711 439 2788 apud
461 2709 639 2771 Hammonis
665 2710 776 2770 lanum.
821 2707 904 2774 Quae
934 2709 1081 2785 narratio,
1114 2709 1184 2791 quia
1210 2708 1320 2786 saepis·

247 2812 322 2874 sime
349 2812 520 2888 invenitur,
552 2814 589 2873 ad
612 2833 700 2893 quem
722 2814 837 2873 fontem
857 2813 974 2888 redeat,
1006 2811 1129 2873 difficile
1151 2815 1197 2873 est
1219 2812 1256 2871 οδ
1278 2813 1321 2871 di·

244 2915 442 2977 iudicandum.
486 2915 597 2977 Tamen
618 2935 722 2979 versus
740 2917 905 2974 879—905
930 2917 967 2976 de
987 2916 1071 2976 fonto
1095 2916 1257 2976 Dodonaeo
1282 2933 1321 2974 ex

247 3017 408 3080 Posidonio
437 3019 562 3081 fluxisse
591 3017 839 3082 verisimillimum
868 3023 926 3092 ast,
958 3038 1025 3079 cum
1054 3019 1091 3078 de
1118 3017 1210 3078 Aradi
1237 3019 1321 3078 fonte

247 3123 379 3184 narratio
406 3122 537 3184 eiusdem
560 3123 607 3185 sit.
650 3123 719 3183 Meo
740 3123 805 3183 iure
827 3125 958 3184 statuere
987 3121 1061 3182 mihi
1081 3121 1200 3196 videor,
1232 3121 1322 3181 etiam

248 3245 324 3307 quae
345 3226 477 3302 Plinius,
500 3226 564 3290 eive
586 3226 774 3287 eiusauotor
797 3225 968 3299 Mucianus,
997 3226 1033 3285 de
1054 3224 1138 3286 fonte
1159 3223 1320 3284 Dodonaeo

246 3330 280 3390 in
302 3329 319 3410 ς
337 3335 398 3390 228
421 3330 569 3405 disseruit,
590 3330 649 3389 iarn
671 3330 704 3389 in
727 3329 812 3391 stoici
833 3328 915 3388 illius
936 3327 1108 3406 philosophi
1130 3327 1248 3405 scriptis
1270 3347 1320 3387 ex-

248 3432 373 3506 stitissc;
395 3454 468 3494 num
483 3437 581 3495 autem
596 3439 708 3495 temere
725 3431 909 3505 coniecerim,
932 3452 982 3493 vv,
1000 3431 1145 3490 848-78
1165 3450 1205 3490 ex
1218 3433 1322 3492 codem

248 3556 382 3598 manasse
406 3557 467 3597 non
488 3536 576 3597 aliter
598 3540 688 3616 atque
709 3533 802 3595 Plinii
823 3535 930 3596 verba:
960 3535 1051 3612 ,iovis
1074 3536 1240 3594 Hammonis
1261 3543 1322 3593 stc·

244 3659 333 3719 gnum
357 3641 483 3700 interdiu
496 3640 645 3721 frigidm
667 3639 798 3699 ποιιῖδιιι
811 3637 921 3720 seroct’
943 3637 995 3697 alii
1016 3637 1157 3699 iudicent.

333 3745 374 3806 ut
396 3764 513 3806 caueam
535 3744 634 3806 odoris
654 3743 787 3822 pestiferi
817 3743 899 3803 lacus
921 3741 1034 3804 Averni
1057 3742 1213 3818 explanet,
1244 3761 1323 3802 com·

249 3854 392 3909 memorat
412 3853 502 3926 poeta
523 3849 561 3908 ed
582 3848 727 3926 templum
749 3846 879 3907 Palladis
906 3845 939 3904 in
961 3864 1027 3905 arce
1050 3845 1235 3906 Athenarum
1258 3864 1323 3905 cor-

247 3953 329 4014 nices
350 3972 412 4014 non
434 3951 592 4014 advolare:

403 4057 580 4135 usqueadeo
593 4053 734 4134 fugitant
754 4073 811 4113 non
834 4054 895 4112 iras
916 4052 1045 4112 Palladis
1067 4055 1147 4112 ocris

398 4158 543 4237 pervigili
561 4177 660 4230 causo,
687 4157 803 4216 Graium
826 4165 859 4214 ιιι
880 4158 1008 4215 comitere
1025 4164 1127 4234 poetae

314 4261 374 4322 755
400 4262 577 4320 seductore
600 4261 661 4321 loci
679 4262 710 4318 oi
729 4259 793 4319 ibus
815 4257 911 4339 officit
932 4260 994 4337 ι’μια
1016 4266 1130 4335 suapte.
