3004 4828
610 347 739 413 ...13
782 383 825 392 -.

182 495 319 582 anteponis
341 497 485 580 ἐνδέχεται
507 500 643 581 γίνεσθαι
665 499 715 562 καὶ
737 494 812 563 κατά
835 493 1003 578 πνεύματος
1022 495 1053 560 ἐν
1070 499 1107 584 τῇ
1125 499 1163 582 γῇ
1182 491 1258 560 άπά-

180 610 273 685 ληψιν
294 601 346 667 καὶ
367 599 449 686 παρά
472 597 600 685 μικροάς
621 597 731 687 ὅρκους
753 599 847 682 αὐτῆς
869 595 1040 684 παράθεσιν
1068 598 1118 662 καὶ
1150 602 1256 679 συνεχῆ

181 708 298 784 κίνησιν
320 702 393 769 ὅταν
414 701 577 789 κράδανσιν
599 710 635 793 τῇ
657 709 694 792 γῇ
712 699 929 792 παρασκευάζῃ.
952 707 1009 768 i.e.
1028 711 1255 766 terraemotum

181 811 269 887 effici,
293 813 318 872 si
341 811 464 890 spiritus
484 811 517 870 in
531 814 641 871 terram
658 815 796 888 receptus
818 809 919 888 parvis
935 809 999 870 eius
1018 809 1125 870 atomis
1139 809 1256 870 vicinus

181 915 220 975 sit
241 919 272 975 et
293 918 439 992 perpetuo
461 933 493 974 se
516 918 643 975 moveat.
687 913 754 974 Hoc
776 912 899 990 spiritus
928 915 1011 972 motu
1040 911 1130 972 etiam
1159 915 1255 972 terrae

180 1025 293 1080 atomos
323 1016 437 1078 moveri
466 1021 552 1088 tunc,
584 1035 651 1076 cum
673 1015 724 1075 ille
746 1021 856 1077 terram
878 1014 994 1094 quatiat
1023 1019 1054 1074 et
1074 1004 1254 1102 ‘epddeuorv’

180 1119 280 1180 faciat.
323 1120 367 1178 Ea
387 1118 480 1195 igitur
502 1119 602 1192 verba,
626 1117 734 1199 quibus
752 1117 898 1194 Epicurus
921 1117 957 1176 de
980 1115 1174 1177 concussione
1195 1121 1254 1176 ter·

179 1241 229 1282 rae
251 1222 322 1299 agit,
345 1239 421 1302 quae
442 1225 533 1282 vento
556 1221 610 1281 fiat
631 1222 685 1281 sub
708 1225 817 1280 terram
839 1224 958 1297 recepto
983 1223 1013 1279 et
1034 1219 1120 1278 iuxta
1139 1223 1254 1278 atomos

181 1325 245 1384 eius
272 1324 371 1402 posito
399 1326 605 1402 perpetuoque
629 1329 838 1395 semovente,
869 1340 1039 1382 communes
1069 1320 1254 1382 conditiones

180 1427 310 1487 omnium
340 1430 431 1488 vento
460 1427 633 1487 effectarum
663 1424 888 1485 concussionum
918 1424 1096 1499 significant.
1141 1425 1178 1482 In
1208 1444 1253 1484 se·

179 1530 339 1610 qnentibus
360 1528 572 1589 accuratiorem
595 1527 824 1604 descriptionem
847 1533 1061 1604 exspectamus,
1083 1527 1162 1585 unde
1180 1545 1252 1587 ven-

178 1639 227 1692 tus
250 1639 333 1692 onus
355 1631 402 1692 sit.
446 1632 482 1690 Id
504 1631 536 1690 in
559 1629 611 1704 iis,
642 1648 719 1710 quae
736 1621 835 1711 'usque
857 1630 953 1689 adhuc
975 1647 1073 1709 neque
1096 1629 1252 1709 quisquam

150 1787 156 1798 .
176 1733 336 1809 intellexit,
359 1752 458 1814 neque
481 1751 536 1810 ego
559 1737 640 1794 certe
663 1733 819 1818 emendare
841 1751 970 1809 possum,
994 1731 1163 1808 expositum
1180 1737 1252 1790 erat.

176 1836 234 1895 Sed
249 1837 423 1917 priusquam
439 1857 514 1916 quae
531 1835 722 1897 difficultates
737 1834 884 1896 enuntiati
906 1829 965 1921 ‘col
980 1825 1013 1892 τά
1029 1833 1147 1909 πνεῦμα
1163 1834 1251 1892 τοῦτο

177 1929 200 2015 ἢ
222 1935 335 2010 ἔξωθεν
358 1932 600 2023 ἒμπεριλαμβάνρ
628 1935 662 1998 ἐκ
684 1937 738 1998 τοῦ
761 1937 878 1998 πίπτειν
908 1934 950 2007 εἰς
973 1928 1116 2014 {dolapsi
1137 1933 1179 2006 εἰς
1201 1931 1252 1996 άν-

176 2039 319 2122 τροειδεῖς
339 2035 528 2120 τόπουςτῆς
544 2043 598 2122 γῆς
615 2037 648 2101 ἐκ
667 2031 846 2117 πνευμάτων
867 2032 1138 2117 τδνπεπιλημένον
1159 2031 1251 2119 άέρά,

176 2143 254 2218 sint,
278 2146 423 2219 docemus,
447 2163 523 2226 quae
546 2148 726 2224 sequuntur,
749 2143 926 2203 intueamur.
969 2142 1116 2219 Epicurus
1138 2142 1251 2220 pergit:

174 2239 251 2305 κατά
279 2239 391 2323 ταύτην
419 2242 452 2306 δὲ
474 2239 529 2323 τὴν
551 2240 688 2306 διάδοσιν
715 2246 768 2321 τῆς
798 2239 944 2322 κινήσεως
973 2241 1006 2304 ἐκ
1028 2246 1088 2303 τῶν
1109 2237 1250 2304 πτώσεων

175 2343 300 2421 ἐδαφῶν
322 2348 436 2406 πολλῶν
459 2345 509 2406 καὶ
524 2341 612 2408 πάλιν
632 2342 842 2421 ἀνταπόδοσιν,
865 2341 937 2406 ὅταν
959 2339 1154 2423 πυκνάμασιν
1176 2363 1249 2422 σφο-

177 2445 326 2530 δροτέροις
348 2449 401 2528 τῆς
422 2451 476 2530 γῆς
498 2443 656 2535 ἀπαντήσῃ
686 2445 832 2528 ἐνδέχεται
861 2442 1001 2525 σεισμοδς
1029 2442 1247 2510 άποτελεῖσθαι.

174 2552 273 2613 Etiam
294 2555 368 2614 haec
388 2554 523 2631 intellegi
545 2559 688 2632 possunt:
719 2555 775 2614 hac
803 2553 882 2614 enim
913 2552 1122 2614 distributione
1150 2557 1248 2614 motus

174 2655 226 2734 (sc.
249 2655 391 2736 spiritus),
419 2656 506 2734 lapsu
527 2657 788 2717 fundamentorum
814 2656 974 2716 multorum
1004 2655 1121 2716 incitati
1150 2662 1180 2717 et
1200 2677 1248 2716 re-

173 2777 315 2836 percussu
343 2759 396 2836 (sc.
419 2760 541 2837 spiritus
563 2759 658 2837 moti),
688 2780 755 2820 oum
782 2758 961 2818 firmioribus
989 2763 1085 2820 terrae
1113 2759 1248 2836 partibus

174 2861 316 2939 progredi
337 2862 506 2939 prohibitus
528 2863 575 2936 sit,
598 2866 815 2923 terraemotus
837 2861 939 2922 oritur.
983 2862 1008 2920 E
1026 2861 1127 2922 verbis
1149 2865 1247 2922 autem

174 2955 258 3051 ίκατά
279 2957 389 3040 ταύτην
412 2959 443 3024 δὲ
465 2957 520 3042 τὴν
542 2957 684 3025 διάδοσιν’
707 2965 804 3026 elucet
824 2965 883 3024 iem
903 2964 937 3023 in
953 2963 1197 3025 antecedentibus
1212 2965 1248 3023 de

175 3064 386 3126 distributione
401 3067 524 3145 spiritus
539 3068 653 3148 aliquid
669 3067 837 3146 expositum
853 3061 925 3128 esse.
961 3069 1069 3148 Itaque
1084 3087 1145 3127 non
1161 3069 1247 3127 modo

172 3168 274 3230 verbis
300 3167 361 3229 illis
384 3169 516 3230 obscuris
539 3171 656 3234 doctum
680 3176 738 3245 est,
768 3171 847 3230 unde
869 3176 978 3232 ventus
1001 3175 1083 3230 ortus
1106 3171 1159 3244 sit,
1193 3171 1245 3230 sed

173 3271 263 3332 etiam
292 3272 370 3332 unde
393 3275 445 3332 a'e'r
467 3280 579 3335 motum
602 3275 723 3352 ceperit
767 3273 872 3354 Neque
902 3279 1003 3334 tamen
1029 3274 1104 3334 haec
1126 3273 1246 3332 axillis

172 3375 337 3452 intelleges.
381 3375 515 3435 Primum
546 3375 625 3435 enim
656 3376 804 3437 obiectum
834 3378 918 3436 deest
945 3376 1037 3438 verbo
1070 3372 1245 3455 ἐμπεριλαμ-

173 3469 267 3561 βάνρ,
298 3479 377 3558 quod
406 3477 522 3538 etiamsi
550 3478 759 3540 substituimus
788 3479 958 3540 coniectura
984 3484 1107 3540 ventum
1135 3486 1245 3540 terram

173 3579 346 3657 complecti,
376 3585 477 3641 wmen
504 3601 566 3641 non
591 3583 684 3643 verba
710 3574 739 3669 ‘ii
759 3571 883 3653 diadas?
903 3584 934 3642 et
954 3573 983 3669 εἢ
1004 3578 1045 3652 εἰς
1067 3577 1245 3662 ἀντροειδεῖς

171 3674 291 3754 τάπους’
314 3683 452 3760 opposita
466 3690 544 3758 sunt,
566 3686 617 3745 sed
639 3681 681 3770 ‘tn
702 3685 757 3744 τοῦ
779 3682 895 3744 πίπτειν
918 3682 959 3754 εἰς
982 3677 1087 3762 ἒδάφρ’
1109 3704 1190 3766 aqs.
1213 3690 1244 3746 et

170 3781 221 3872 ‘sle
242 3777 421 3865 ἀντροειδεῖς
442 3778 571 3858 τάπους’.
613 3787 646 3847 Si
673 3793 771 3849 autem
799 3780 829 3875 ‘ol
850 3780 970 3859 ἕξοιθεν’
993 3795 1023 3848 et
1045 3781 1075 3876 ‘ol'
1095 3785 1137 3859 εἰς
1158 3783 1241 3870 άντρ.

171 3880 244 3946 τοπ.’
265 3894 346 3950 recte
368 3895 485 3951 servata
507 3909 571 3951 esse
594 3891 760 3966 statuimus,
782 3892 906 3953 verbum
921 3910 1029 3967 regens
1043 3893 1242 3953 accusativum

170 3982 222 4049 τόν
237 3988 434 4068 πεπιλημένον
449 3986 522 4072 άέρα
537 3993 729 4054 desideratur.
760 3994 877 4054 Deinde
890 3986 1149 4080 ‘ipnepstcpdoivp'
1164 4001 1242 4057 stare

170 4093 284 4174 nequit,
306 4095 416 4156 namsi
438 4097 679 4158 aconiunctione
702 4089 775 4156 ὅταν
795 4097 905 4175 prioris
919 4099 1067 4159 enuntiati
1088 4102 1241 4176 penderet,

169 4216 231 4256 non
252 4202 370 4276 tempus
391 4217 532 4277 praesens
554 4199 737 4277 efflagitatur
757 4201 808 4260 sed
831 4200 986 4275 aoristum,
1016 4202 1088 4282 quia
1109 4206 1239 4284 ventum,
