3004 4828
688 373 729 383 -
773 337 814 402 28
858 373 900 384 ...

392 491 495 540 Plinius
513 491 548 540 11.
944 495 1041 542 Senem
1058 492 1107 543 111.

289 595 337 641 209
367 594 490 650 Quaedam
513 595 605 642 insulae
630 610 687 641 sem·
714 609 744 640 ne
761 595 854 656 bipides
876 596 971 654 quidm
990 610 1087 657 pessum
1105 604 1167 644 eant.
1198 595 1226 642 de
1245 596 1329 643 solidis

248 693 296 740 per
319 679 453 738 fluctuant,
485 681 545 727 siccet
575 680 601 726 in
627 695 687 740 apro
715 680 807 739 quidem
833 697 864 728 ac
887 681 954 728 duris
979 683 1069 741 monor.
1105 689 1159 728 sum
1176 683 1237 728 enirn
1260 683 1330 730 multi

254 763 361 812 Caecubo
389 773 410 812 et
434 767 514 812 eodem
538 767 687 824 Reatino,
711 767 830 826 pumicosi
853 774 875 814 et
890 767 966 825 leves,
992 783 1021 814 eu
1039 767 1124 826 quibus
1141 782 1203 826 quae
1220 775 1329 816 constant

255 851 449 910 Mutinensi,
475 852 687 911 Statoniensi,
715 851 844 898 insulae
862 851 1113 911 iandicnatant.
1138 855 1329 916 [Theophrastus

254 935 287 982 in
321 936 504 984 Vadimonis
532 939 620 996 lacu,
650 939 690 984 ad
716 943 750 982 est
767 935 870 1003 aneton]
907 939 1021 1000 Iptserul
1038 937 1183 986 Cutilias
1207 947 1329 986 natantem

255 1017 394 1068 Cutilias
417 1037 495 1082 aquas
519 1038 596 1084 opaca
620 1023 689 1081 edua,
715 1021 887 1069 insulamuidi.
906 1024 1034 1070 etalmin
1051 1023 1237 1072 Vadimonis
1254 1027 1329 1072 lacu

254 1122 314 1165 quae
331 1124 451 1166 nunquam
468 1109 505 1156 dic
523 1127 554 1156 ao
568 1117 635 1157 nocte
652 1126 689 1157 eo·
715 1107 817 1166 netum,
844 1109 897 1155 alra
918 1110 950 1155 in
967 1110 1041 1156 lacu
1059 1110 1271 1157 Statoniensi
1286 1116 1328 1156 est.

253 1192 308 1239 dem
327 1193 379 1241 loco
402 1193 499 1253 cuntur,
528 1197 560 1241 in
583 1195 689 1254 Lydia
716 1191 859 1240 Oedilrarum
881 1195 962 1242 insuda
984 1195 1082 1242 arbores
1107 1196 1177 1243 habet
1200 1203 1223 1242 et
1243 1197 1328 1242 barbas

254 1293 315 1336 quae
350 1287 466 1326 uocaretur
501 1279 689 1327 Oalaminae
714 1277 803 1326 nturi:
820 1287 898 1327 tamen
910 1297 975 1340 aqua
987 1282 1115 1328 sustinetur
1132 1288 1154 1328 et
1168 1281 1195 1329 in
1211 1284 1274 1328 lianc
1291 1289 1328 1328 at-

253 1379 301 1410 non
312 1365 386 1412 nemis
401 1367 476 1412 solnm
493 1367 536 1412 sed
551 1367 622 1412 etiam
634 1381 688 1413 coru
715 1379 759 1423 que
776 1365 844 1411 illam
856 1373 954 1427 partem
971 1382 1019 1414 ncn
1030 1373 1097 1415 vento
1109 1374 1200 1414 tantam
1211 1368 1254 1415 sed
1264 1383 1329 1414 aura

252 1450 284 1495 tis
295 1464 341 1508 quo
350 1449 422 1497 libeat
430 1451 553 1511 impulsae,
565 1452 689 1499 multorum
714 1450 869 1512 compeditur,
892 1467 935 1499 nec
958 1468 1069 1512 nmquam
1093 1453 1132 1500 illi
1148 1469 1195 1514 per
1219 1453 1282 1500 diem
1298 1471 1328 1500 ac

255 1535 340 1582 eiciam
367 1537 531 1584 Mithridatico
560 1539 619 1585 bella
648 1554 687 1586 sa·
713 1543 803 1583 noctem
827 1553 874 1584 uno
896 1537 948 1584 loco
974 1539 1045 1586 datio
1064 1545 1111 1584 oct:
1137 1537 1198 1585 adeo
1223 1545 1328 1586 umuetur

252 1620 345 1686 liert).
713 1621 760 1668 leni
774 1622 840 1679 (latu

748 1709 788 1754 11.
815 1708 970 1776 Quorundam
989 1725 1064 1756 causa
1082 1725 1130 1756 reon
1148 1717 1228 1771 potest
1245 1710 1328 1758 reddi:

713 1808 787 1853 quaro
811 1810 897 1853 aqua
914 1793 1064 1841 Nilotica
1080 1795 1236 1855 secundiores
1254 1797 1328 1858 J‘emi·

672 1931 674 1937 k
712 1893 758 1926 nas
767 1878 853 1938 saciat
871 1915 877 1926 .
897 1915 902 1925 .
921 1915 927 1926 .
947 1917 952 1926 .

747 1979 822 2024 quare
845 1965 964 2024 maedam
981 1966 1013 2028 in
1028 1967 1132 2026 chia
1150 1982 1228 2027 aquae
1246 1984 1327 2016 conoe-

707 2057 779 2108 ptnm
788 2050 940 2108 femineorum
958 2051 1101 2111 custodiant,
1120 2069 1181 2112 quas
1198 2055 1272 2100 solent
1282 2069 1327 2114 pe·

710 2142 766 2193 tcre,
784 2136 867 2194 quibus
879 2152 971 2204 parum
987 2145 1059 2186 tonan
1076 2139 1146 2186 vidua
1161 2145 1196 2184 est
1213 2173 1218 2184 .
1238 2173 1243 2184 .
1263 2173 1294 2184 ..

747 2219 865 2268 Cnidium
880 2230 915 2270 est
932 2223 1050 2281 quasdam
1073 2238 1149 2283 aquas
1168 2222 1268 2270 scabiem
1285 2225 1324 2284 af-

709 2305 775 2364 ferre
786 2307 933 2368 corporibus,
952 2309 1071 2366 quasdam
1085 2309 1223 2370 uitilipinem
1239 2316 1261 2356 et
1270 2311 1325 2370 foe-

712 2393 767 2440 dam
790 2409 819 2440 en
844 2393 898 2442 albe
923 2394 1074 2454 summatem,
1102 2397 1150 2442 siue
1173 2394 1256 2456 iry'usa
1279 2395 1328 2442 siue

253 2537 255 2544 y
706 2485 769 2538 pota
787 2479 825 2526 sit.

286 2568 334 2612 229
365 2573 387 2612 et
409 2567 441 2612 in
466 2568 547 2614 Delo
574 2570 685 2615 insula
746 2565 786 2611 to.
822 2564 919 2612 Aestate
937 2566 1056 2624 quaedam
1074 2567 1180 2626 flumina
1203 2573 1326 2626 anpndur,

251 2651 369 2710 Inopus
387 2652 448 2711 fons
466 2653 546 2700 eodem
564 2669 609 2712 qne
626 2654 685 2700 Ni·
710 2650 1209 2714 utNilus,coiusalrasratioreddetur.
1230 2653 1325 2699 Tlteo-

250 2737 297 2782 lus
321 2737 391 2784 modo
415 2754 445 2783 ac
462 2739 559 2798 pariter
583 2757 635 2786 eum
658 2756 685 2787 eo
706 2736 872 2796 phrasim
896 2745 931 2782 est
954 2744 1039 2784 auctor
1061 2737 1094 2784 in
1110 2738 1212 2785 Ponto
1236 2753 1326 2798 qumque

250 2823 364 2869 decrescit
380 2831 532 2884 capiturque.
712 2822 828 2880 quondm
840 2836 921 2870 amnes
930 2837 1034 2870 crescere
1045 2829 1148 2882 tempore
1159 2823 1249 2871 metica
1261 2859 1324 2871 .....

285 2910 334 2956 225
353 2909 456 2966 Quidam
467 2925 522 2957 nero
538 2911 592 2979 odic
609 2913 686 2960 maris
747 2911 770 2957 3.
785 2908 907 2966 Quaedam
917 2908 1017 2968 flumina
1024 2909 1111 2969 palam
1123 2909 1148 2955 in
1160 2909 1264 2969 aliquem
1277 2925 1326 2970 spe·

249 2995 304 3054 ipsa
321 2995 418 3042 mbeunt
435 2997 511 3055 uada,
530 2997 591 3044 sicia
607 2999 685 3045 Aru·
711 3010 764 3040 cum
786 2993 898 3042 decidunt
924 3003 946 3041 et
969 2997 1004 3042 sic
1027 3010 1056 3042 en
1078 2995 1152 3042 eatis
1174 2995 1323 3055 auferuntur,

250 3081 345 3126 tbusa
365 3082 426 3142 fons
452 3083 632 3142 Syracusanus,
660 3085 686 3132 in
712 3080 830 3138 quaedam
854 3088 1021 3128 corisumantnr
1039 3081 1171 3142 paullatim
1192 3087 1214 3126 et
1230 3080 1324 3127 interci-

235 3161 296 3226 'quo
324 3166 456 3216 redduntur
485 3169 550 3216 iacta
579 3169 605 3216 in
631 3170 685 3215 Al·
712 3165 776 3213 dunt
812 3167 894 3214 eadem
911 3182 940 3213 en
956 3166 1083 3215 mucello
1099 3173 1248 3214 revertuntur
1265 3167 1324 3214 reci-

245 3253 371 3313 pbeum,
409 3255 452 3313 qui
474 3269 521 3314 per
552 3255 685 3316 Olympiam
706 3253 829 3312 piumque,
847 3259 1009 3300 ctnomenet
1026 3268 1121 3300 cursum
1138 3287 1145 3299 .
1164 3289 1169 3299 .
1189 3288 1195 3298 .
1214 3287 1221 3311 ,
1240 3287 1246 3300 .
1267 3289 1271 3298 .

247 3337 323 3398 fluens
341 3338 540 3400 Peloponnesiaco
562 3339 630 3386 litori
650 3341 685 3387 in
745 3343 768 3387 4.
782 3338 823 3384 Sic
830 3338 871 3384 ubi
879 3345 972 3385 terreno
984 3340 1085 3397 Lucus
1097 3345 1131 3386 est
1137 3345 1236 3398 potatus
1248 3338 1323 3397 biatu,

241 3423 363 3482 finditur.
399 3424 502 3472 Habeant
527 3432 605 3472 terras
630 3441 684 3472 mr·
778 3424 1321 3484 ensistitpromdbincalibquerenasciturore.

248 3523 334 3569 susque
361 3509 493 3558 redduntur
522 3511 624 3569 Lycus
653 3511 684 3557 in
779 3509 897 3556 Sicmodo
910 3509 1053 3569 combibitur,
1067 3511 1140 3558 tacite
1152 3511 1220 3556 nuda
1232 3511 1323 3570 perpete

250 3595 345 3654 Asia,
376 3596 540 3644 Erasinus
564 3596 597 3642 in
621 3597 683 3642 Ar·
1016 3595 1099 3656 tapsus

248 3681 366 3740 polica,
395 3682 503 3739 Tiaris
528 3683 561 3728 in
585 3683 683 3728 Meso·
777 3679 886 3728 redditur
903 3680 1024 3739 Arpolicis
1048 3682 1129 3741 inpone
1153 3682 1322 3730 Erasinus

244 3767 406 3826 potamia,
436 3775 458 3814 et
482 3783 542 3826 quae
568 3768 600 3814 in
623 3768 682 3813 Ae·
1015 3768 1041 3814 in
1058 3767 1136 3814 undis.

249 3853 387 3911 sculapi
414 3851 510 3909 fonte
545 3853 682 3900 Athenis
742 3851 1040 3899 IdemetinOriente
1060 3853 1321 3913 Tiprisfacitrab-

318 3970 361 4036 25)
378 3973 493 4020 Narratio
511 3973 541 4020 dc
557 3973 644 4020 insulis
662 3973 694 4018 ud
706 3971 809 4019 Cutilias
827 3976 853 4018 st
870 3973 896 4018 in
915 3972 1062 4020 Vadimonio
1081 3973 1136 4020 lacu
1153 3975 1207 4021 sitis
1225 3974 1321 4022 inveni-

248 4063 288 4104 tur
306 4058 380 4105 etiam
397 4059 422 4104 in
440 4059 612 4118 Ps.·Sotionis,
631 4060 684 4108 sive
702 4058 803 4117 Isigoni,
823 4059 931 4117 frugmtt.
948 4060 987 4106 et.
1002 4060 1033 4106 38
1052 4064 1152 4108 auctore
1170 4074 1220 4107 non
1236 4060 1320 4120 allato,

248 4150 273 4190 et
291 4145 356 4204 apud
373 4144 481 4192 Plinium
499 4146 545 4204 111,
566 4147 605 4204 12,
626 4148 687 4194 109:
706 4144 731 4191 in
748 4160 807 4204 apro
825 4143 926 4191 Reatirm
943 4141 1045 4192 Otitilioe
1060 4147 1154 4207 lacum,
1172 4147 1198 4192 in
1215 4162 1262 4205 quo
1276 4147 1320 4206 tlte·

249 4237 338 4277 ctuetnr
356 4231 445 4290 insula,
465 4231 552 4278 Italiae
570 4231 705 4278 umbilicum
722 4245 780 4289 esse,
800 4232 834 4277 Μ.
853 4231 931 4278 Varro
947 4231 1030 4278 tradit.
