3004 4828
626 411 818 494 ...3-

271 566 309 624 In
319 565 375 626 hec
386 566 543 627 Lucretius
554 564 674 626 disserit
688 566 725 624 de
739 569 836 626 terrac
851 565 980 625 motibus
995 563 1057 644 (vv.
1071 565 1261 643 535-607),

187 665 223 726 de
237 671 344 728 natura
358 667 455 743 maris,
473 669 552 750 quod
567 687 719 748 nunquam
735 671 878 743 augeatur
893 667 1076 746 (607—39),
1096 669 1132 756 de
1147 670 1262 730 Aetnae

188 771 395 848 eruptionibus
411 770 472 851 (vv.
486 770 677 849 cae—702),
701 771 808 831 deinde
824 789 902 832 novo
917 770 1069 848 prooemio
1083 770 1262 848 interposito

189 873 366 952 (702-11)
389 875 424 933 de
446 873 516 934 Nilo
540 873 729 952 (tal-438),
761 874 796 932 de
819 872 886 934 lacu
908 876 1028 933 Averno
1058 872 1263 952 (tea-840),

188 977 224 1035 de
253 996 331 1056 aqua
360 981 534 1054 puteorum,
566 995 642 1057 quae
672 979 784 1036 aestate
813 975 950 1052 frigidior
979 975 1018 1036 sit
1047 997 1135 1058 quam
1163 976 1263 1036 hieme

151 1119 153 1126 ,
187 1079 372 1158 (840-48),
390 1080 427 1138 de
438 1080 522 1141 fonte
538 1080 616 1157 apud
632 1079 808 1139 Hammonis
823 1079 926 1137 fanum
941 1078 998 1139 sito
1014 1078 1076 1157 (vv.
1092 1080 1263 1159 848-7e),

188 1183 224 1242 de
245 1183 329 1243 fonte
343 1182 505 1243 Dodonaeo
528 1183 733 1262 (879-905),
757 1182 792 1241 de
814 1185 952 1258 magnete
975 1181 1202 1260 (aco-1090),
1227 1184 1263 1241 de

188 1287 357 1346 morborum
380 1303 468 1345 causa
490 1285 738 1364 (loeo-1137),
768 1284 897 1363 denique
919 1284 956 1344 de
977 1288 1062 1361 peste
1084 1285 1263 1347 Atheniensi

190 1387 439 1470 (leet-1285).

274 1490 405 1556 Quarum
420 1511 518 1552 rerum
535 1491 712 1568 discipulum
729 1489 964 1551 strenuissimum
986 1491 1084 1569 ipsum
1106 1491 1183 1552 nihil
1205 1491 1264 1555 nisi

188 1594 311 1672 Epicuri
334 1613 436 1654 causas
457 1595 592 1655 attulisse
615 1594 734 1654 credere
756 1612 888 1673 nequeo,
913 1613 1012 1675 neque
1034 1594 1176 1670 magister
1198 1595 1264 1675 qui·

188 1699 270 1772 dem,
301 1701 336 1758 ut
364 1697 476 1759 assecla
504 1696 616 1765 nullam
645 1695 733 1761 aliam
761 1696 907 1756 rationem
936 1715 1025 1777 quam
1050 1696 1116 1774 ipse
1144 1698 1264 1774 diceret,

187 1800 360 1878 postulavit,
384 1800 454 1880 quia
475 1799 540 1877 ipse
562 1818 680 1876 semper
701 1819 761 1858 non
785 1803 881 1858 certas
901 1799 1033 1860 rationes
1055 1799 1189 1876 protulit,
1212 1801 1263 1862 sed

188 1905 317 1964 scribere
339 1902 453 1964 solebat
474 1903 563 1963 etiam
586 1902 660 1962 alias
675 1919 777 1962 causas
798 1920 897 1962 rerum
918 1920 982 1962 esse
1003 1920 1099 1979 posse,
1123 1922 1198 1983 quas
1213 1923 1266 1964 ne·

191 2006 288 2080 sciret,
310 2009 341 2066 et
355 2005 453 2065 insani
469 2025 533 2065 esse
548 2024 638 2065 unam
653 2008 688 2065 ut
701 2023 802 2064 veram
824 2003 968 2081 profiteri.
1013 2004 1123 2064 Mirum
1145 2025 1265 2087 quoque

187 2109 274 2183 foret,
298 2108 323 2168 si
345 2108 509 2184 Epicureus
531 2108 610 2168 ullus
631 2108 691 2168 iam
713 2111 802 2168 antea
824 2108 860 2165 de
881 2107 988 2167 iisdem
1010 2107 1100 2168 rebus
1119 2109 1264 2184 omnibus,

188 2214 224 2272 de
240 2209 348 2292 quihus
364 2210 528 2286 Lucretius,
550 2211 653 2272 eadem
668 2209 871 2291 quaesivisset,
896 2229 1021 2289 quorum
1042 2230 1205 2291 numquam
1227 2231 1266 2271 ne

187 2314 350 2390 vestigium
370 2313 490 2392 quidam
512 2319 661 2376 servatum
684 2319 737 2374 est.
781 2311 868 2377 Quod
890 2313 916 2372 si
937 2315 1109 2389 reputamus
1139 2315 1266 2375 fortasse

190 2414 407 2492 suspicabimur
435 2417 551 2492 poetam
581 2415 671 2475 alium
694 2433 814 2496 quoque
835 2414 950 2475 fontem
972 2413 1143 2475 adhibuisse
1165 2416 1202 2476 ad
1224 2417 1266 2476 al·

190 2525 284 2582 teram
306 2517 376 2578 libri
392 2517 436 2576 VI
453 2522 568 2594 partem
590 2519 840 2596 componendam,
872 2536 970 2598 neque
992 2517 1111 2578 crimini
1133 2519 1161 2579 ei
1185 2518 1267 2579 dabi-

189 2643 269 2696 mus,
302 2621 380 2702 quod
403 2623 542 2680 strenuus
563 2621 734 2699 philosophi
762 2621 875 2682 assecla
901 2619 1056 2696 nonfuit,
1089 2641 1267 2704 quamquam

190 2725 355 2786 doctrinam
378 2742 459 2784 suam
482 2743 522 2783 ex
542 2723 718 2801 placitorum
742 2727 777 2785 de
799 2725 889 2785 rebus
911 2723 1097 2785 naturalibus
1118 2723 1266 2800 florilegio

192 2829 319 2910 quodam
341 2827 398 2888 sibi
421 2827 548 2904 paravit.
698 2824 699 2827 ’

275 2930 346 2990 Tale
368 2935 467 2991 autem
488 2929 668 3006 florilegium
691 2931 719 2990 ei
741 2931 774 2990 in
796 2929 932 2991 manibus
953 2929 1047 2989 fuisse
1069 2929 1170 3004 credo,
1200 2949 1265 2990 cum

189 3033 253 3094 Nili
275 3032 480 3093 inundationis
501 3033 633 3094 rationes
649 3033 821 3111 explicaret,
845 3051 970 3113 quarum
985 3031 1149 3094 Woltierus
1164 3051 1266 3093 rursus

190 3156 256 3214 pag.
275 3140 333 3195 153
357 3135 510 3196 contendit
524 3135 686 3212 Epicurum
708 3137 822 3196 fontem
843 3136 936 3195 fnisse
957 3135 1049 3214 idque
1070 3154 1132 3194 non
1155 3135 1267 3195 exalia

191 3257 292 3313 causa,
324 3238 382 3298 nisi
406 3238 485 3317 quod
508 3237 711 3299 Democritum
734 3241 770 3300 dc
791 3239 861 3298 Nilo
891 3237 1044 3315 scripsisse
1074 3256 1113 3296 ex
1133 3238 1265 3300 Diodoro

190 3343 217 3416 I,
235 3346 290 3416 39,
313 3341 401 3402 Aetio
424 3339 547 3418 (Diales.
571 3339 708 3420 doxogr.)
729 3342 783 3416 IV,
804 3345 829 3414 l,
846 3344 880 3415 4,
911 3340 977 3401 aliis
999 3341 1189 3402 manifestum
1211 3347 1266 3416 est,

191 3445 274 3506 cuius
290 3442 468 3505 sententiam
490 3447 579 3520 poeta
599 3443 632 3501 in
646 3464 696 3506 vv.
709 3444 856 3503 729-34
872 3444 1027 3521 receperit.
1071 3442 1167 3508 Quam
1182 3442 1266 3505 Wol-

191 3546 260 3606 tieri
289 3546 466 3606 sententiam
488 3547 614 3607 multum
636 3547 789 3607 aberrasse
811 3565 829 3606 a
849 3565 922 3608 vero
944 3546 1150 3627 unusquisque
1172 3547 1265 3610 videt.

192 3648 286 3708 Miror
314 3649 409 3722 enim,
440 3648 520 3728 quod
541 3649 573 3708 in
597 3650 734 3710 omnibus
762 3650 857 3711 literis
879 3648 1011 3728 antiquis
1032 3650 1121 3710 huius
1143 3650 1266 3728 Epicuri

192 3751 343 3812 doctrinae
373 3770 429 3812 neo
455 3750 525 3815 vola
551 3771 607 3812 neo
635 3751 804 3829 vestigium.
849 3751 1004 3812 Lucretius
1035 3753 1198 3814 sententias
1229 3754 1266 3812 de

189 3853 436 3914 inundationibus
451 3855 538 3916 affert
557 3874 607 3915 vv.
621 3853 768 3914 715-24
786 3855 926 3928 Thaletis,
951 3854 1096 3914 724-29
1113 3855 1264 3935 anonymi,

192 3955 338 4017 tac-³5
362 3957 559 4031 Callisthenis,
582 3956 729 4016 735—38
753 3961 949 4034 Anaxagorae
971 3961 1002 4017 et
1023 3957 1157 4019 aliorum.
1191 3959 1265 4018 Cum

190 4059 229 4120 iis
256 4059 405 4120 consentit
427 4060 609 4137 Pomponius
631 4060 711 4120 Mela
737 4060 762 4135 1,
776 4065 825 4140 ,5³
848 4060 889 4138 (p.
906 4064 989 4134 18,6
1013 4059 1181 4140 Parthey.),
1213 4061 1266 4143 qui

188 4163 249 4230 hoc
272 4163 390 4237 ordine,
413 4161 560 4222 Herodoti
581 4162 697 4223 ratione
719 4163 841 4237 adiecta,
864 4165 999 4224 auctores
1021 4163 1122 4224 affert:
1144 4168 1265 4223 Anaxa-

191 4285 303 4342 goram,
314 4266 509 4340 Herodotum,
521 4263 740 4340 Callisthenem,
752 4265 913 4339 Thaletem,
926 4284 1116 4346 anonymum.
1138 4267 1194 4330 Vr.
1202 4266 1262 4327 71⁵

1017 4361 1061 4428 1¹8
