3004 4828
699 400 911 467 -38-

350 561 397 617 Ex
419 560 474 616 hac
496 559 715 634 comparatione
744 532 933 619 manifestum
964 537 1010 618 est
1032 557 1163 616 Plinium
1187 563 1217 619 et
1240 559 1339 619 Vitru-

263 662 345 722 vium
368 661 493 719 oundem
515 666 663 720 auctorem
686 661 784 740 sequi,
818 661 989 722 Varronem.
1034 663 1081 719 Ex
1104 681 1138 720 eo
1162 660 1241 720 enim
1264 661 1338 720 Soli-

263 785 319 822 nus
336 761 404 836 VII,
422 760 459 820 27
485 761 525 838 (p.
543 767 592 834 66,
612 763 646 820 11
673 760 821 840 Momms.)
845 764 961 824 docuit:
991 761 1095 840 ,Varro
1124 765 1261 840 opinatur
1283 763 1338 821 duo

263 869 292 923 iu
316 867 434 923 Boeotia
457 884 516 922 esse
537 865 665 943 stemiha
688 874 794 923 aeterra
819 867 888 924 licet
908 867 1039 944 dispari,
1061 865 1216 924 'mr'rueulo
1247 874 1338 944 [omen

263 987 318 1028 non
341 969 541 1042 discrepante:
567 985 685 1043 quorum
703 968 825 1025 alterum
848 971 878 1025 si
898 969 1013 1026 ouillum
1031 986 1120 1044 pecias
1139 969 1253 1026 flebitur
1271 968 1338 1045 pul-

263 1072 320 1126 lum
342 1069 419 1146 ficri
445 1071 551 1127 eoloris
581 1070 656 1146 quod
677 1070 817 1140 induerit,
853 1071 974 1128 alterius
1003 1070 1126 1140 hortatu,
1159 1089 1339 1148 quaecuuque

263 1173 395 1230 vellerum
418 1171 509 1252 susce
531 1173 599 1242 seht,
625 1173 653 1228 in
676 1173 828 1230 candidum
851 1171 936 1230 uerti'
965 1178 995 1232 et
1017 1172 1085 1245 VH,
1107 1177 1143 1230 12
1167 1173 1207 1250 (p
1225 1179 1273 1246 63,
1292 1173 1339 1252 8):

262 1277 367 1354 ‘Varro
386 1273 519 1352 perhibet
537 1272 650 1352 sontem
675 1277 703 1331 iu
727 1275 858 1333 Arcadia
882 1295 959 1346 csse,
993 1277 1074 1332 euius
1097 1277 1245 1334 r'ntcrr'mot
1266 1275 1338 1333 huu-

261 1375 348 1434 stus.’
392 1375 450 1434 Illa
478 1377 553 1436 ratio
583 1395 649 1435 cum
673 1375 802 1437 Vitruvii
826 1377 842 1454 S
863 1381 913 1449 14,
946 1379 1019 1464 haec
1049 1397 1114 1436 oum
1143 1377 1236 1436 Plinii
1260 1375 1276 1454 ς
1297 1382 1336 1434 26

262 1479 417 1540 consentit.
447 1479 535 1537 Illinc
547 1498 665 1558 quoque
678 1479 807 1554 perspici
820 1479 899 1552 lieet,
923 1481 1069 1558 quomodo
1084 1479 1239 1540 Vitruvius
1254 1481 1337 1539 fonte

262 1604 314 1642 suo
344 1603 414 1641 usus
444 1582 490 1642 sit.
534 1582 610 1638 Nam
642 1601 707 1639 oum
731 1581 824 1639 Varro
854 1583 885 1640 iu
916 1582 1109 1662 sequentibus
1140 1601 1179 1641 ex
1207 1581 1337 1656 Isigono,

262 1686 345 1744 cuius
374 1685 466 1745 verba
494 1689 610 1743 servata
639 1686 724 1754 sunt,
757 1684 833 1758 apud
865 1683 1081 1743 Ps.·Sotionem
1106 1689 1140 1743 2:
1173 1677 1277 1762 Κρήνη
1307 1681 1338 1742 ἐν

264 1788 481 1862 Κλαζομεναῖς,
514 1776 567 1857 ἀφ’
590 1770 625 1860 ἧς
649 1777 684 1840 roi
709 1780 866 1861 θρέμματα
890 1785 1012 1844 πίνοντα
1039 1777 1092 1862 τήν
1115 1783 1200 1864 ipius
1222 1807 1337 1866 χρωμα-

260 1889 344 1965 τίνην
366 1891 454 1962 ποιεῖ,
479 1879 520 1958 οἷς
543 1885 654 1966 ἱστορεῖ
674 1877 692 1945 ὅ
714 1885 928 1965 προειρημένος
950 1879 1098 1966 Ἰσίγονος,
1123 1891 1159 1948 de
1174 1891 1257 1949 fonte
1273 1889 1336 1948 (llu-

261 1993 462 2050 zomeniorum
486 1991 597 2070 aliquid
621 1995 763 2063 narraret,
787 1991 941 2052 Vitruvius
964 1993 1041 2050 hano
1063 1997 1094 2050 et
1115 1994 1336 2052 antecedentem

260 2095 399 2153 fabellam
422 2095 457 2152 de
480 2093 567 2165 Mela,
591 2093 728 2168 Cephiso,
753 2093 861 2166 Peneo,
884 2093 1007 2152 Xantho
1031 2094 1165 2152 confudit
1187 2099 1337 2153 eteorum
1376 2118 1378 2122 ·

261 2217 338 2277 aqua
360 2216 419 2256 non
443 2214 529 2268 oves,
562 2200 596 2254 ut
619 2194 729 2266 Varro,
760 2197 811 2254 scd
834 2187 936 2272 partus
959 2215 1059 2254 earum
1093 2195 1217 2272 (isigoni
1246 2193 1339 2275 θρέμ-

261 2300 349 2376 ματα)
374 2298 480 2358 mutari
504 2296 589 2356 dixit.

349 2403 507 2460 Praeterea
536 2401 594 2458 iam
625 2400 734 2460 Rosius
764 2402 877 2479 (anecd.
901 2400 1012 2460 Graeca
1034 2403 1049 2459 I
1071 2422 1099 2478 p.
1116 2400 1166 2478 10)
1196 2401 1338 2462 Varronis

263 2502 500 2562 narratiunculas
523 2503 558 2559 de
581 2503 714 2562 fontibus
730 2504 780 2562 Cei
798 2509 827 2562 et
842 2505 947 2561 Zamae
970 2523 1015 2579 ap.
1032 2503 1131 2563 Plinio
1154 2503 1262 2582 (515),
1286 2506 1337 2563 ubi

261 2606 342 2664 illius
368 2622 475 2662 nomen
499 2603 635 2675 affertur,
669 2623 734 2662 cum
758 2604 888 2664 Vitrurii
912 2602 947 2682 ξς
966 2610 1090 2664 22-24
1121 2605 1284 2682 composuit
1305 2611 1336 2664 et

261 2714 342 2767 recte
374 2704 540 2777 contendit,
574 2705 686 2785 quain
708 2725 740 2764 re
763 2707 901 2765 Erwinus
924 2707 1029 2766 Rhode
1053 2728 1120 2766 eum
1143 2715 1259 2767 secutus
1281 2713 1334 2781 est,

262 2811 426 2868 Varronem
445 2807 538 2865 Plinii
561 2812 591 2881 et
607 2807 736 2868 Vitruvii
758 2809 873 2868 fontem
895 2809 996 2882 fuisse,
1019 2815 1050 2868 et
1072 2811 1173 2870 docuit
1195 2830 1262 2868 eum
1284 2830 1337 2869 sua

262 2933 300 2971 ex
322 2913 442 2986 Isigono
465 2907 667 2986 hausissem).
712 2910 788 2968 Nam
811 2912 847 2969 de
870 2912 953 2970 fonte
969 2911 1157 2987 Carthaginis
1180 2915 1257 2989 apud
1274 2915 1336 2972 Ps-

331 3153 376 3212 33)
394 3149 496 3197 Erravit
507 3149 674 3207 Detleisenus,
693 3149 734 3206 qui
747 3149 872 3197 contendit
889 3152 936 3197 1.1.
955 3165 980 3210 p.
994 3153 1058 3200 394:
1077 3152 1213 3213 „Dagegen
1227 3152 1337 3200 weichen

263 3241 301 3288 die
320 3235 513 3296 cinuelangaben
531 3234 591 3281 iiber
609 3235 790 3295 merkwilrdige
809 3236 914 3294 quellen,
933 3237 1014 3295 titisse,
1034 3251 1092 3284 seen
1110 3251 1132 3284 u.
1147 3251 1167 3285 s.
1181 3252 1225 3296 να,
1244 3239 1337 3285 welche

262 3326 352 3372 Vitruv
370 3323 460 3381 macht‚
479 3321 602 3368 durchaus
619 3335 670 3368 von
688 3321 767 3368 denen
785 3321 826 3368 hei
842 3322 938 3369 Plinius
955 3322 995 3380 ab,
1014 3323 1113 3370 obwohl
1130 3337 1180 3370 von
1199 3323 1335 3371 denselben

262 3413 403 3472 gewissern
417 3410 455 3456 die
468 3409 526 3455 rede
538 3408 578 3466 ist,
598 3422 625 3454 so
638 3408 695 3454 dass
707 3407 752 3454 wir
764 3408 848 3468 sehon,
868 3409 925 3456 dass
935 3409 1030 3456 Plinius
1048 3409 1102 3456 hier
1119 3410 1228 3458 anderen
1240 3411 1337 3459 schrift-

262 3498 362 3546 stellern
388 3495 482 3557 gefolgt
503 3493 535 3540 ist
559 3495 596 3540 als
615 3493 670 3540 dem
688 3493 778 3540 Vitruv
802 3494 852 3540 und
875 3495 959 3542 seinen
978 3495 1239 3556 gewdhrsmiinnarn.“
1274 3498 1335 3544 For-

262 3588 328 3630 tasse
347 3581 429 3641 etiam,
449 3594 511 3639 quae
529 3579 687 3627 Detlefsenus
699 3579 806 3626 Plinium
824 3579 850 3626 in
868 3580 932 3628 libro
944 3580 1030 3628 XXXI
1048 3595 1079 3630 ex
1090 3581 1206 3629 Vitruvio
1223 3583 1334 3630 hausisse

261 3669 347 3727 voluit,
365 3673 467 3726 uterque
485 3681 515 3713 ex
533 3665 645 3714 Varrone
663 3666 774 3726 sumpsit.

329 3755 468 3800 Paullulum
483 3753 607 3812 corrigere
620 3751 736 3800 debemus
748 3753 816 3800 Rosii
836 3758 860 3800 et
870 3753 961 3802 Rohdii
979 3755 1121 3802 sententias.
1156 3756 1220 3802 Nam
1237 3759 1336 3815 praeter

262 3842 389 3902 Isigonum
408 3840 487 3885 Varro
514 3839 587 3886 etiam
612 3854 642 3886 ex
658 3839 792 3886 Posidonio
816 3841 934 3887 nonnulla
950 3841 1048 3901 hausit,
1075 3840 1124 3888 nisi
1148 3841 1276 3900 opinamur
1293 3841 1335 3887 Vi·

261 3928 343 3974 truvio
360 3926 430 3972 illum
447 3924 583 3971 adhibitum
601 3939 662 3972 esse.
699 3923 835 3985 Scriptores
854 3925 920 3972 euim
938 3939 1000 3984 quos
1017 3927 1109 3984 laudat,
1129 3924 1335 3985 Theophrastum,

262 4015 398 4071 Timaeum,
415 4011 583 4070 Posidonium,
602 4009 743 4071 Hegesiam,
762 4009 923 4071 Herodotum,
943 4011 1083 4070 Aristidem,
1103 4011 1270 4059 Metrodorum
1286 4013 1335 4060 iam

261 4100 372 4146 insonte
390 4112 445 4146 eum
463 4098 554 4157 legisse
572 4111 673 4144 neccsse
692 4102 735 4144 est.
770 4097 853 4144 Etiam
866 4098 984 4146 Varronis
997 4102 1089 4157 auctor,
1108 4098 1230 4159 Isigonus,
1250 4113 1336 4146 omnes

261 4199 303 4232 eas
321 4198 524 4232 commemorasse
542 4185 614 4231 facile
632 4187 669 4232 est
687 4183 718 4229 ad
736 4184 919 4242 coniciendum,
945 4189 1043 4245 praeter
1061 4183 1234 4244 Posidonium,
1262 4199 1335 4244 quem

261 4270 302 4317 ille
321 4271 390 4328 sequi
408 4270 451 4316 vir
468 4270 557 4330 potuit.
592 4269 672 4316 Varro
690 4269 765 4330 igitur
782 4274 881 4330 praeter
898 4269 1025 4330 Isigonum
1044 4269 1171 4318 Posidonii
1197 4270 1274 4318 libros
1292 4271 1334 4318 ad·
