3004 4828
584 375 800 441 -21-

154 533 270 595 verbis:
292 542 354 610 ,ont
373 535 495 610 spiritus
513 534 648 610 ngitotio'
670 535 765 614 e.q.s.)
789 539 819 594 et
834 535 1021 610 Posidonius,
1046 536 1099 616 qui
1112 536 1229 600 hiatum
1305 603 1307 606 ¹

156 627 333 722 ‘paonariae’
355 635 531 713 appellavit,
563 636 596 695 in
618 655 679 713 cap.
697 642 735 695 25
761 638 911 697 dixerunt.

242 736 354 801 Quidni
386 739 479 814 igitur
506 739 681 814 Epicuream
711 740 874 799 doctrinam
908 740 1026 800 aliunde
1058 740 1230 801 illustrarit?

156 841 203 901 Ita
217 840 414 900 Anaximenis
434 843 527 900 verba
542 841 741 901 Posidoniano
765 842 902 918 exemplo
925 844 960 903 de
983 843 1114 920 plaustro
1137 845 1231 919 magis

155 943 311 1018 perspicua
341 943 428 1016 fecit,
465 943 509 1002 ita
536 963 585 1002 vv.
610 949 670 1002 568
695 964 760 1024 sqq.
798 964 907 1006 noxam
944 945 1148 1006 inclinationis
1178 966 1230 1006 ex-

155 1046 271 1122 posuit,
302 1047 338 1104 de
366 1065 425 1124 qua
452 1045 565 1105 Seneca
592 1065 631 1104 ex
652 1046 814 1106 Posidonio
841 1048 934 1107 refert
962 1066 1026 1124 cap.
1043 1053 1092 1121 21,
1109 1054 1144 1108 2:
1175 1068 1231 1127 ,res

155 1150 268 1206 minime
296 1151 325 1206 in
348 1147 511 1206 lnr'asrnodi
537 1167 606 1206 casn
629 1151 738 1220 nocio,
771 1152 849 1208 sicut
870 1151 955 1226 longe
973 1153 1167 1228 perniciosior
1189 1161 1232 1208 est

155 1252 305 1309 inclinatio
335 1253 530 1309 concussione.
563 1270 628 1308 none
652 1254 712 1309 nisi
732 1253 864 1311 celeriter
886 1273 923 1310 ecc
945 1253 1038 1310 altero
1057 1262 1143 1330 porte
1161 1273 1231 1330 pro-

152 1357 299 1431 peraverit
320 1363 423 1424 motus,
448 1356 499 1432 qni
520 1355 659 1412 r'reclz'rrutn
682 1355 826 1425 restituet,
853 1357 939 1414 ruine
954 1357 1115 1413 necessario
1137 1347 1231 1433 'seqni-

156 1456 284 1533 tur’1⁷).
328 1455 377 1515 Sic
399 1455 488 1516 etiam
511 1475 577 1516 cum
600 1457 703 1530 sciret,
736 1457 844 1533 spiritu
867 1457 977 1516 nullam
1001 1458 1141 1517 maiorem
1163 1477 1230 1516 cau-

155 1578 216 1618 sam
239 1577 302 1620 esse
326 1560 484 1618 secundnm
508 1559 678 1635 Epicurum,
701 1560 897 1619 Anaximenis
920 1561 1076 1621 sententiis
1097 1559 1231 1636 magistri

155 1661 329 1722 auctoritate
359 1660 543 1736 praemissis,
575 1660 669 1720 solum
693 1661 829 1738 spiritum
858 1664 955 1722 motus
979 1668 1127 1723 auctorem
1149 1663 1231 1735 fecit,

156 1765 212 1824 sed
230 1783 306 1844 quae
328 1781 439 1838 genera
460 1763 639 1822 Posidonius
662 1765 697 1823 ad
713 1768 835 1824 ventum
860 1765 984 1838 rettulit,
1007 1764 1230 1825 inclinationem

157 1865 345 1945 (elepantos),
368 1866 481 1926 hiatum
504 1864 690 1943 (χασματίαν)
713 1867 866 1926 horrorem
890 1865 1083 1944 (σεισματίαν)
1105 1901 1147 1912 -—
1169 1869 1230 1945 pri-

157 1990 236 2028 mum
258 1970 337 2029 enim
360 1988 454 2046 genus
477 1966 678 2047 βρασματίαν,
701 1975 735 2028 ut
757 1970 870 2030 Seneca
892 1989 954 2047 cap.
973 1977 1012 2029 22
1036 1973 1121 2031 docet
1141 1991 1231 2046 rupes

157 2073 326 2132 decidentes
348 2071 490 2144 effecisse,
514 2072 625 2131 stoicus
646 2070 697 2132 ille
719 2072 916 2151 philosophus
939 2074 1077 2151 opinatus
1100 2094 1163 2134 esse
1185 2074 1230 2135 vi-

155 2177 240 2236 detur
262 2209 304 2218 —-
325 2175 372 2234 his
391 2159 511 2251 Epicuri
536 2176 698 2235 doctrinam
723 2177 890 2234 moderatus
913 2181 965 2236 eet.
1011 2177 1056 2236 Ob
1081 2196 1145 2234 eam
1167 2195 1228 2235 rem

155 2277 293 2353 exempla
320 2297 359 2335 ex
388 2276 548 2336 Posidonio
579 2278 615 2336 de
643 2276 766 2351 Sidone,
800 2278 911 2354 Aegio,
945 2282 1042 2338 cetera
1069 2279 1171 2339 attulit
1200 2285 1230 2339 et

154 2382 281 2439 fortasse
312 2381 346 2437 de
373 2381 496 2439 horrore
525 2379 625 2438 omnia
653 2379 760 2439 hausit.
805 2379 881 2438 Sane
910 2380 1022 2439 Seneca
1045 2386 1100 2455 24,
1125 2387 1143 2438 4
1172 2381 1229 2440 ait:

155 2483 285 2561 ΜΙνηνιιο,
311 2484 414 2559 inpare,
440 2501 490 2540 cen
512 2501 574 2540 cum
588 2481 710 2562 frigore
728 2482 932 2553 ciclorrnimus,
959 2492 1064 2540 tremor
1086 2485 1225 2562 sequitur,

154 2587 197 2643 sic
220 2593 313 2644 terras
334 2604 443 2663 qnoque
471 2587 593 2662 spiritus
622 2588 801 2643 extrinsecus
823 2586 953 2643 occidens
976 2586 1126 2663 quassat.”
1154 2587 1231 2665 qnod

154 2688 330 2746 nullomodo
351 2696 447 2764 potest
458 2688 542 2766 fieri.
575 2689 675 2764 algere
691 2690 762 2746 enirn
786 2687 876 2759 debet,
902 2698 934 2745 nt
955 2691 1026 2747 idem
1049 2689 1097 2747 illi
1115 2689 1232 2746 occidet

153 2791 230 2868 qnod
255 2789 346 2860 nolis,
380 2809 449 2868 qnos
476 2800 597 2850 ertcrnn
626 2809 713 2849 causo
745 2795 774 2849 in
804 2791 952 2849 torrorem
983 2795 1056 2870 agit.
1095 2794 1227 2849 occidere

155 2901 246 2950 nntcrn
271 2902 365 2951 terrae
386 2869 478 2951 simile
499 2894 633 2971 quiddam
656 2885 773 2952 nostroe
794 2894 961 2974 otlsectioni,
985 2895 1036 2952 sed
1055 2915 1111 2953 non
1134 2915 1171 2952 en
1187 2898 1228 2952 si-

154 2997 217 3054 mili
225 3015 312 3054 conse
326 2999 523 3055 concesserim.
548 2997 632 3055 lllcrn
646 2999 767 3055 interior
779 3007 808 3054 et
818 2997 907 3056 altior
918 2999 1026 3056 im'crin
1039 2997 1119 3056 delet
1129 2998 1227 3075 impel-

155 3102 231 3159 lere:
257 3102 339 3158 cnins
361 3101 407 3158 rei
421 3109 618 3176 argumentum
638 3101 684 3157 cel
704 3103 857 3158 nrcnimcrn
874 3101 936 3184 loc⁴
946 3109 1044 3177 potest
1057 3120 1127 3171 esse,
1152 3101 1230 3177 qnod

154 3223 216 3262 cum
240 3203 395 3260 vehementi
414 3212 491 3260 motu
514 3202 681 3281 adopertam
706 3205 819 3291 ingenti
837 3205 922 3261 raino
945 3204 1037 3261 solnm
1060 3211 1118 3271 est,
1152 3211 1226 3259 totus

153 3325 362 3384 reonnurnqnem
392 3306 476 3364 urbes
505 3316 534 3364 et
562 3308 666 3385 recipit
692 3308 788 3364 tineus
819 3307 869 3365 ille
898 3314 928 3364 et
948 3306 1097 3365 abscondit
1189 3347 1221 3361 ..
1306 3325 1308 3330 ’

155 3410 225 3468 rilem
251 3411 356 3468 Sidone
379 3410 517 3469 occidisse
539 3409 690 3468 Posrilonio
713 3407 877 3487 crede!¹⁸)

238 3513 311 3572 'lum
333 3513 537 3573 inclinationis
559 3518 589 3572 et
603 3514 702 3573 hiatus
717 3531 822 3572 causae
837 3513 1034 3590 explicantur.
1079 3511 1226 3572 Videlicet

152 3617 259 3675 horror
286 3620 316 3674 et
337 3617 437 3677 hiatus
465 3617 553 3677 stiam
585 3617 662 3693 apud
675 3616 826 3678 ‚Senecam
855 3615 1006 3676 coniuncti
1034 3619 1112 3675 sunt.
1156 3615 1224 3673 Meo

223 3822 265 3880 l'l)
284 3819 379 3868 Similia
401 3821 496 3881 profert
520 3821 616 3868 Plinius
640 3821 681 3880 11,
702 3823 765 3880 198,
792 3820 835 3867 ubi
861 3818 1003 3867 Aristotelis
1027 3822 1127 3867 mateor.
1147 3819 1222 3878 II,8

151 3923 201 3956 non
219 3906 338 3965 adhibuit,
357 3921 504 3966 quamquam
522 3911 594 3954 antea
613 3911 638 3954 at
653 3911 740 3966 posteo
757 3906 810 3954 eins
827 3905 891 3952 libro
910 3918 1007 3965 semper
1024 3906 1107 3952 utitur.

222 3996 265 4054 18)
283 3994 375 4041 Terrae
393 3993 473 4040 simile
491 3993 582 4052 aliquid
600 3991 702 4040 evenire
726 3997 799 4051 atque
817 3992 914 4051 corpori
931 3991 1038 4038 humano
1061 3991 1110 4038 iam
1129 3991 1223 4038 Aristo·

151 4081 212 4127 telea
238 4080 320 4127 docuit
344 4083 444 4127 meteor.
464 4079 505 4138 11,
524 4081 540 4126 8
558 4093 581 4138 p.
596 4078 671 4128 ansb
692 4081 723 4126 15
736 4092 790 4137 sqq.
813 4082 837 4124 et
855 4077 948 4124 Seneca
967 4076 1016 4136 Vl,
1035 4079 1081 4134 14,
1101 4079 1123 4123 2.
1159 4075 1223 4124 Con·

152 4165 290 4213 cessionem
307 4165 464 4212 indirectam
481 4171 505 4211 et
522 4165 547 4210 in
566 4169 734 4211 transversam
751 4165 850 4224 plagam
867 4163 921 4210 fieri
932 4162 1012 4210 voluit
1027 4162 1092 4209 idem
1111 4163 1222 4221 (metant.

152 4252 185 4313 11,
204 4254 220 4300 8
238 4267 261 4312 p.
276 4251 350 4301 eceb
371 4253 402 4299 23
415 4250 482 4310 sqq.)
501 4265 531 4297 ex
548 4250 641 4298 maiore
659 4250 701 4298 vel
718 4249 812 4298 minore
830 4253 906 4297 vento
923 4248 948 4296 in
966 4253 1033 4296 terra
1049 4248 1154 4296 condito.
