3004 4828
581 361 794 428 ..19.„

152 509 320 594 πνεύματος
341 512 384 586 εἰς
407 508 444 576 τὰ
459 511 628 595 κοιλώματα
649 521 702 596 τῆς
722 520 778 599 γῆς
800 512 970 590 electenses
990 512 1012 596 ἢ
1030 513 1226 597 καθειρχθέν-

116 617 118 622 ’
151 640 203 691 τος
225 612 392 696 πνεύματος
422 615 453 680 lu
481 622 518 704 τῇ
545 623 600 705 γῇ,
631 614 717 681 καθά
747 638 822 698 φησι
845 615 1048 692 Ποσειδώνιος
1078 617 1110 680 ἐν
1131 623 1168 704 τῇ
1190 616 1227 698 η’.

153 714 231 782 εἶναι
255 715 282 780 δ’
304 715 405 782 αὐτῶν
426 716 498 793 τούς
520 719 574 800 μὲν
596 723 783 800 σεισματίας,
812 719 883 796 τούς
904 719 936 784 δὲ
958 723 1136 802 χασματίας,
1159 717 1230 794 τούς

153 821 186 885 δὲ
207 824 375 901 κλιματίας,
398 805 469 896 τούξ
490 822 522 885 δὲ
544 825 796 906 βρασματίαςὶί).

169 969 171 972 -
239 933 281 990 At
302 930 415 989 Seneca
435 929 469 988 in
492 949 555 1007 cap.
574 935 658 1004 21,2
681 949 721 991 ex
742 929 903 991 Posidonio
927 931 984 990 duo
1007 931 1095 991 modo
1117 950 1228 1006 genera

152 1032 355 1093 concussionis
368 1033 457 1092 affort
478 1033 714 1111 succussionem,
737 1052 800 1091 cum
818 1042 896 1092 terra
911 1035 1041 1110 quatitur
1063 1042 1093 1092 et
1113 1052 1226 1093 sursum

152 1156 187 1195 cc
202 1137 330 1194 deorsum
349 1145 486 1207 movetur,
513 1141 544 1196 ct
563 1136 797 1209 inclinationem,
819 1155 876 1213 quo
899 1137 930 1194 s‘n
951 1136 1045 1195 latero
1068 1145 1153 1195 nutat
1173 1156 1228 1196 nu-

152 1241 225 1316 vigis'
238 1235 339 1296 more!
368 1237 526 1299 Praeterea
536 1238 642 1298 adicit:
659 1257 722 1316 ,ego
737 1248 766 1297 et
777 1241 890 1297 tertium
904 1238 979 1297 illud
994 1241 1135 1308 ensstr'mo,
1155 1238 1231 1316 quod

152 1351 253 1400 nostro
276 1339 414 1399 vocabulo
442 1343 588 1416 signatum
618 1350 671 1398 est.
711 1361 766 1400 non
789 1344 862 1400 anans
884 1344 947 1400 sine
968 1360 1057 1400 causa
1081 1351 1228 1400 tremorem

154 1453 250 1504 terrun
277 1444 376 1502 mucra
405 1445 546 1514 maiores,
581 1445 633 1520 qui
660 1445 773 1521 utrique
788 1445 947 1503 ur'ssznttu
974 1454 1027 1502 cst.
1074 1445 1148 1502 Num
1178 1463 1229 1502 nec

151 1547 352 1607 succutiuntur
375 1555 440 1603 tunc
462 1547 559 1604 omniu
581 1564 632 1604 nec
656 1546 845 1617 inclinantur,
870 1546 923 1605 sed
942 1546 1119 1606 vibrantur)
1163 1547 1229 1606 Hac

152 1649 322 1710 differentis
342 1650 486 1726 probatur
508 1655 559 1710 aut
573 1647 714 1708 Senecam
732 1667 796 1708 eam
812 1650 1060 1724 distributionem,
1084 1653 1118 1708 nt
1133 1654 1229 1710 totum

151 1753 269 1826 librum,
293 1771 354 1811 non
369 1771 408 1811 ex
423 1751 584 1812 Posidonio
606 1751 672 1828 ipso
690 1752 860 1829 sumpsisse,
884 1754 935 1812 sed
951 1771 990 1811 ex
1008 1751 1228 1829 Asclepiodoto,

154 1857 206 1936 qni
227 1856 292 1933 ipse
314 1854 447 1931 magistri
462 1854 547 1915 libris
562 1874 632 1915 usus
648 1859 700 1928 cst,
725 1859 760 1933 et
776 1855 808 1913 in
832 1874 914 1932 capp.
931 1857 968 1914 17
989 1859 1019 1916 et
1036 1859 1076 1914 22
1099 1854 1169 1914 libri
1186 1854 1229 1911 VI

153 1959 302 2031 laudatur,
325 1962 378 2018 aut
399 1949 599 2018 Posidonium
614 1957 739 2017 diversis
761 1956 833 2018 locis
856 1959 973 2019 diversa
993 1959 1111 2018 ratione
1132 1962 1229 2018 terrae

154 2064 251 2122 motus
266 2060 461 2121 distribuisse.
506 2059 691 2140 Quamquam
712 2066 813 2120 autem
835 2079 903 2119 eum
924 2062 957 2119 in
973 2061 1088 2120 dnobus
1110 2059 1229 2136 scriptis

153 2164 190 2222 de
212 2163 455 2226 concussionibus
478 2162 574 2238 egisse
595 2162 666 2222 inde
687 2163 850 2224 verisimile
872 2163 921 2238 ut,
945 2163 1025 2244 quod
1047 2162 1153 2224 Strabo
1176 2181 1230 2222 sua

153 2267 190 2326 de
212 2266 322 2325 Sidone
345 2284 384 2323 ex
403 2265 480 2326 libro
503 2261 572 2344 neni
593 2257 738 2325 Ὠκεανοῦ
760 2265 894 2343 sumpsit,
918 2266 1069 2342 Diogenes
1092 2270 1228 2326 octavum

153 2367 450 2444 metereologicorum
471 2367 673 2448 laudavitff),
696 2374 796 2430 tanum
814 2369 1056 2445 Asclepiodotum
1078 2373 1228 2427 auctorem

154 2469 286 2529 Senecae
306 2469 400 2529 fuisse
422 2489 488 2529 cum
510 2470 682 2531 Hermanno
704 2471 788 2531 Diels
801 2470 851 2548 16)
874 2469 1010 2530 arbitror.
1054 2470 1112 2529 Sed
1128 2469 1228 2529 Ascle·

153 2572 292 2648 piodotus
315 2578 443 2653 quatuor
465 2574 583 2654 quidem
606 2594 716 2650 genera
731 2573 965 2647 concussionum,
989 2593 1066 2653 quae
1088 2574 1229 2648 magister

153 2695 218 2736 esse
240 2675 349 2751 voluit,
379 2678 412 2736 in
431 2679 489 2737 duo
512 2678 683 2752 coniunxit,
715 2685 815 2739 umen
842 2677 971 2755 plurima
993 2697 1032 2736 ex
1054 2695 1089 2737 eo
1110 2677 1229 2751 integra

153 2779 269 2855 petivit.
314 2780 415 2857 Rupes
436 2781 467 2838 in
491 2782 693 2841 subiacentem
708 2799 864 2842 cavernam
880 2781 1018 2840 cadentes
1039 2798 1141 2839 causas
1164 2797 1228 2837 esse

152 2883 290 2942 tremoris
318 2887 415 2943 terrae
445 2884 579 2945 narravit
608 2885 686 2960 apud
714 2883 857 2944 Senecam
887 2901 950 2959 cap.
966 2887 1007 2941 22
1038 2889 1068 2942 et
1090 2880 1228 2958 spiritum

154 3005 270 3046 causam
285 2986 384 3046 hiatus
400 3005 463 3063 cap.
479 2987 525 3046 17.
570 2986 636 3047 Hac
650 2988 682 3046 in
703 3006 791 3046 causa
809 2990 906 3045 terrae
922 2989 1043 3058 motum,
1067 3003 1126 3064 quc
1142 2982 1228 3043 chal-

155 3087 197 3148 cis
217 3088 381 3161 laboravit,
411 3108 655 3149 commemorasse
676 3090 796 3150 videtur
817 3093 988 3168 ceterasque
1011 3085 1227 3158 concussiones,

154 3210 228 3270 quas
249 3190 362 3251 Seneca
382 3192 416 3250 in
438 3210 502 3269 cap.
519 3197 558 3250 25
582 3193 698 3265 attulit,
722 3193 773 3251 ubi
796 3191 875 3250 idem
896 3209 991 3265 genus
1013 3194 1070 3262 est,
1094 3188 1173 3268 quod
1195 3189 1228 3246 in

153 3313 217 3371 cap.
231 3296 265 3353 17
282 3299 398 3356 tantum
412 3294 577 3355 accuratius
589 3293 764 3372 explicatur,
787 3299 817 3353 ct
830 3293 939 3353 iterum
951 3291 1067 3352 Chalcis
1082 3290 1226 3351 laudatur.

154 3398 397 3475 Asclepiodotum
424 3403 523 3459 autem
546 3397 775 3457 Posidonianam
798 3395 962 3456 doctrinam
985 3394 1145 3470 diligenter
1166 3397 1225 3453 ret·

223 3640 266 3700 14)
284 3637 368 3686 Verba
384 3642 442 3687 ante
461 3633 497 3696 εἰς
514 3633 545 3688 τὰ
564 3631 711 3702 κοιλώματα
729 3637 818 3686 desunt
839 3634 953 3684 inlibris
971 3637 1096 3695 mscrpu,
1122 3635 1166 3683 sed
1183 3649 1225 3684 ve·

152 3723 249 3772 sissimo
274 3725 388 3786 suppleta
405 3728 463 3773 sunt
480 3738 495 3771 a
512 3723 627 3785 Monnglo
645 3737 676 3770 ex
694 3722 769 3770 Suida
786 3738 807 3770 s.
820 3730 845 3770 v.
866 3715 981 3784 σεισμός.
1011 3734 1056 3780 pro
1073 3715 1225 3788 ,κλιματίαζ

152 3811 269 3858 nuditum
287 3817 325 3859 est
343 3799 511 3881 ‘uncuurlucss
530 3810 596 3869 quod
613 3810 725 3870 intellegi
744 3809 837 3868 nequit,
856 3808 898 3855 vel
915 3799 1058 3876 ‘accacius'
1075 3807 1141 3865 quod
1159 3807 1225 3854 idom

152 3897 274 3958 significat
297 3901 370 3956 atqua
397 3889 555 3968 ,ultumlucl
591 3895 672 3956 Quam
698 3895 730 3942 ob
753 3907 854 3942 cauum
877 3893 971 3940 Battus
994 3893 1078 3951 legere
1103 3892 1225 3940 voluerit:

153 3979 326 4041 Ποσειδώνιος
344 3979 369 4033 ἐν
386 3979 421 4048 τῇ
440 3978 653 4046 μετεωρολογικῇ,
673 3981 763 4028 neseio.

224 4068 265 4132 1⁶)
283 4071 313 4117 cl.
327 4067 459 4129 Schsppig,
478 4068 508 4115 de
522 4066 605 4115 Posid.
618 4067 768 4127 apameensi
785 4079 875 4126 rerum,
894 4065 1013 4124 gentium,
1031 4067 1152 4111 nurerum
1165 4064 1224 4112 scri·

150 4161 230 4217 ptoro,
249 4156 308 4204 diss.
325 4155 405 4202 Halae
424 4154 498 4202 1869.
534 4153 632 4212 muller,
650 4152 681 4199 sd
699 4153 788 4212 fragm.
807 4152 848 4200 tt.

223 4244 265 4304 16)
281 4243 398 4300 Prolegg.
417 4239 568 4300 doxograph.
586 4240 664 4298 p.1a.

971 4322 1018 4384 2*
