3004 4828
635 355 827 420 ..5-

194 514 277 573 Bake
298 533 327 590 p.
344 513 405 591 53).
451 511 519 573 Hoo
541 531 612 574 sane
634 515 745 573 eertum
768 515 814 572 est
835 512 1005 574 Lueretium
1027 511 1158 575 voluisse
1181 510 1269 570 torri·

194 617 260 675 dam
281 615 435 691 regionem
456 616 621 677 habitatam
643 634 715 689 esse,
738 619 773 676 ut
788 614 967 675 Posidonius
981 614 1086 675 voluit.
1129 615 1176 675 De
1197 614 1269 691 Epi-

194 720 256 779 ouri
279 719 429 780 sententia
451 718 672 792 nihilonimus,
695 718 747 778 sed
769 717 866 792 oredo,
889 719 914 778 si
938 718 1008 798 quid
1031 736 1066 777 ee
1088 718 1125 776 de
1146 736 1178 776 re
1200 717 1269 798 reli-

193 842 285 902 quum
313 826 407 895 esset,
439 839 505 880 eum
527 820 698 880 Aristotelis
727 819 897 897 opinionem
927 825 1060 881 seoutum
1083 838 1147 880 esse
1175 818 1269 878 meni-

191 925 301 984 festum
332 925 405 983 fore.
449 922 543 982 Porro
574 941 640 982 oum
669 924 746 982 fere·
765 923 868 983 eodem
899 923 980 997 looo,
1013 942 1072 1004 quo
1104 923 1140 982 de
1168 921 1270 982 ‘colore

192 1026 357 1087 inoolarum
379 1025 561 1102 Aethiopum
590 1025 706 1086 loeutus
734 1030 796 1099 est,
826 1026 1005 1085 Posidonius
1030 1026 1067 1085 de
1089 1024 1151 1084 Nili
1173 1024 1269 1084 inore-

192 1133 293 1189 mento
321 1148 387 1188 oum
409 1127 550 1188 Lueretio
573 1127 708 1189 doouerit
735 1128 814 1206 apud
836 1127 1012 1188 Strabonem
1033 1130 1075 1204 11,
1095 1133 1123 1202 3,
1141 1133 1158 1186 3
1180 1148 1210 1205 p.
1227 1132 1267 1186 98

193 1233 242 1310 (fr.
260 1232 313 1311 68)
336 1222 407 1300 τούς
430 1225 462 1290 δὲ
480 1227 665 1310 πληροῦντας
684 1221 736 1289 adv
753 1231 864 1289 Νεῖλον
881 1221 1016 1309 ὄμβρους
1034 1225 1066 1290 ἐκ
1085 1230 1145 1290 τῶν
1160 1226 1269 1289 Ateio·
1300 1296 1302 1302 ,

193 1334 291 1393 πιιιοῖν
319 1326 401 1413 ὀροῖν
430 1330 612 1410 συμβαίνειν.
657 1335 749 1392 ταῦτα
779 1324 804 1392 δ’
827 1325 920 1392 εἰπεὶν
950 1329 1083 1393 ἐνταῦθα
1110 1327 1143 1392 ἓν
1171 1323 1270 1403 ἅλλοις

195 1439 341 1517 συγχωρεῖ
359 1429 459 1512 φήσας
482 1428 624 1496 ὑπονοεῖν
646 1429 702 1517 ὅρη
725 1426 801 1494 εἶναι
823 1429 859 1493 τοὶ
877 1427 937 1496 dud
956 1436 997 1519 τῷ
1014 1432 1174 1520 ἰσημερινῷ
1191 1430 1269 1516 προς

193 1533 213 1599 d
228 1535 412 1620 ἑκατέρωθεν
431 1531 493 1599 ἀπὸ
511 1540 571 1598 τῶν
586 1531 741 1619 εὐκράτου
763 1533 879 1615 ἀμφοῖν
899 1537 1123 1618 προσπίπτοντα
1138 1532 1175 1599 td
1191 1535 1268 1617 νέφη

191 1647 290 1703 ποιεῖν
312 1636 382 1714 τους
404 1634 548 1723 ὄμβρους,
570 1643 734 1704 verisimile
749 1662 813 1704 esse
829 1643 936 1722 opinor
951 1643 1122 1705 Lueretium
1137 1644 1268 1705 rationes

191 1767 260 1808 suos
287 1766 347 1807 non
377 1765 417 1807 ex
438 1747 568 1824 Epiouro
595 1746 651 1807 sibi
683 1746 842 1825 sumpsisse
871 1747 923 1808 sed
950 1767 989 1807 ex
1010 1745 1163 1807 Posidonii
1190 1745 1267 1806 libro

191 1846 257 1929 περὶ
279 1841 433 1909 Ὠκεανοῦ.
477 1850 581 1911 Nihilo
604 1849 700 1911 seeius
721 1851 802 1909 houd
823 1849 929 1924 ignoro
948 1869 1015 1909 eum
1038 1855 1144 1928 poetae
1167 1853 1267 1910 auoto-

191 1972 254 2013 rem
282 1953 375 2014 fuisse
401 1954 458 2014 hoe
487 1973 547 2013 uno
577 1952 642 2013 loeo
666 1953 861 2012 demonstrari
890 1973 951 2012 uon
978 1972 1065 2030 posse
1088 1957 1119 2012 et
1141 1954 1179 2013 ob
1202 1971 1267 2011 eom

191 2077 253 2118 rem
282 2056 370 2116 etiam
401 2057 474 2116 alies
505 2056 588 2116 illius
618 2055 767 2116 doetrinae
798 2055 891 2116 stoioo
922 2055 1102 2133 philosopho
1133 2055 1266 2135 tribuere

191 2159 357 2236 temptabo,
388 2178 422 2220 ae
444 2159 573 2236 primum
596 2157 715 2239 quidem
738 2158 774 2217 de
795 2159 948 2234 versibus,
978 2161 1086 2240 quibus
1108 2159 1145 2218 de
1168 2164 1265 2218 terroe

190 2261 320 2322 motibus
342 2262 405 2338 agit
426 2260 631 2341 (tub-607),
654 2260 805 2321 disseram.
1030 2269 1034 2274 “
