3004 4828
667 350 880 418 ..52-

235 505 409 584 positast),
439 509 470 568 et
491 506 682 568 Philodemus
704 507 737 567 in
757 507 849 583 libro,
879 527 968 589 quem
990 510 1027 570 de
1047 507 1160 586 pietate
1183 509 1310 587 seripsit,

236 614 267 671 et
289 614 392 671 auctor
407 609 557 671 Ciceronis
579 611 616 669 de
637 617 745 672 natura
767 611 888 671 deorum
909 614 926 671 I
946 609 1113 690 §ao—41,
1137 611 1201 672 sive
1215 613 1311 672 Phae·

237 714 306 772 drus
327 713 394 787 fuit,
417 712 481 775 sive
501 712 567 790 ipse
587 713 639 773 ille
661 712 861 788 Philodemus,
887 715 950 776 sive
964 715 1053 790 Zeno,
1077 715 1109 774 iu
1124 735 1209 775 usum
1225 736 1311 775 suum

236 815 398 890 convertit,
431 815 603 877 Lucretium
636 835 756 900 quoque
785 818 935 878 interdum
965 818 1085 898 quidem
1116 818 1153 878 ab
1181 816 1311 894 Epiouro

236 919 388 979 aberrasse
409 919 668 998 Reisaokerusss)
692 925 722 980 et
744 919 983 998 Bindseilins⁴⁶)
1006 924 1036 982 et
1057 919 1221 981 Woltierus
1243 939 1311 998 pro·

236 1022 401 1096 beverunt,
430 1023 482 1082 sed
504 1021 558 1082 illa
580 1022 750 1100 discrimina
772 1042 820 1102 ‘ex
842 1024 908 1101 ipsa
930 1023 1062 1084 Lueretii
1085 1027 1192 1084 natura
1212 1027 1243 1083 et
1264 1023 1310 1082 in·

236 1124 303 1184 dole
336 1125 420 1205 quasi
454 1144 508 1186 sua
540 1130 646 1206 sponte
675 1125 882 1204 munesso’ss)
916 1126 1052 1186 arbitrati
1080 1146 1141 1186 non
1170 1124 1311 1203 suspicati

236 1232 306 1288 sunt
328 1247 394 1289 enm
418 1228 568 1303 consulto,
600 1249 778 1309 quamquam
806 1228 836 1287 in
859 1230 948 1289 rebus
970 1228 1144 1302 levissimis,
1176 1247 1252 1308 qnae
1274 1230 1311 1288 ad

235 1330 400 1390 doctrinam
415 1332 591 1409 Epicuream
614 1331 726 1390 nullius
747 1331 890 1392 momenti
911 1337 1005 1405 erant,
1027 1330 1161 1408 magistri
1176 1330 1312 1408 vestigiis

235 1433 359 1494 desertis
381 1434 506 1495 alterum
528 1434 750 1513 philosophum,
774 1434 850 1496 alins
872 1433 1047 1512 disciplinae
1068 1433 1218 1509 asseclam,
1242 1453 1311 1494 eon·

236 1534 369 1596 saltasse.

324 1637 412 1704 Quod
433 1639 460 1700 si
480 1640 512 1699 in
534 1641 625 1701 rebus
652 1639 777 1717 singulis
806 1640 932 1701 fortasse
961 1640 1074 1714 erravi,
1105 1643 1205 1700 tamen
1233 1659 1311 1700 sum-

236 1761 313 1800 mam
333 1761 433 1801 rernm
455 1746 536 1804 reete
558 1763 605 1802 me
627 1743 816 1821 perspexisse
838 1744 925 1804 oredo
949 1747 980 1805 et
1001 1744 1142 1821 probasse
1170 1741 1245 1804 mihi
1266 1741 1311 1805 vi·

236 1845 308 1904 deor
337 1845 508 1905 Lucretium
541 1866 603 1906 non
633 1851 694 1907 tam
725 1846 887 1908 obnoxium
918 1846 1011 1908 tuisse
1043 1845 1186 1924 Epionro,
1221 1863 1311 1925 quam

234 1946 394 2025 praeeipne
414 1947 547 2008 Zellerus
569 1953 660 2030 atque
681 1947 845 2010 Woltierus
865 1948 1033 2011 voluerunt.

303 2099 347 2166 44)
365 2101 478 2160 Krische,
496 2100 688 2165 ‘Forsohnngen’
705 2117 729 2162 p.
742 2102 784 2151 40.
804 2104 836 2150 79
849 2115 885 2161 sq.
921 2102 953 2148 H.
971 2101 1042 2150 Diels
1060 2114 1085 2162 p.
1100 2101 1156 2150 128.
1174 2100 1224 2149 888
1237 2113 1291 2160 sqq.

303 2185 346 2252 45)
364 2183 465 2247 Quaestss
484 2187 582 2238 Lueret.
601 2187 704 2236 Bonnee
723 2189 800 2236 1847.

303 2271 346 2338 46)
365 2272 499 2337 ιΝοιιιιιιΙΙιι
516 2273 548 2320 ed
564 2273 674 2322 Lucretii
697 2273 827 2321 derorum
851 2275 939 2320 ustura
957 2272 1073 2321 carminis
1096 2271 1139 2320 lib.
1151 2273 1171 2323 1.
1190 2271 1232 2320 Π]
1251 2271 1309 2321 diss.

234 2359 314 2407 Halae
333 2361 399 2408 1865
418 2364 443 2406 et
460 2359 622 2419 quaestiones
640 2358 803 2408 haeretienae
820 2372 903 2420 progr.
921 2359 1027 2408 Anelam
1045 2361 1120 2408 1867.

304 2441 347 2510 47)
365 2444 515 2493 Bindseilius
533 2444 634 2504 Quaest.
652 2444 726 2493 Lnor.
744 2459 768 2504 p.
783 2446 823 2494 88.
