3004 4828
669 1181 791 1276 caput
814 1181 845 1254 Ι.

583 1331 631 1399 De
653 1335 759 1400 terrae
780 1332 929 1401 motibus.

308 1525 363 1588 Vv.
386 1528 532 1584 aaa—42
566 1525 722 1585 Lueretius
752 1524 852 1599 dooet,
886 1524 995 1604 quibus
1025 1525 1121 1586 causis
1151 1530 1296 1588 terrarum

222 1632 320 1690 motus
334 1627 417 1688 fiant.
460 1626 601 1700 Inferior,
622 1627 731 1708 inquit,
754 1633 784 1688 et
802 1627 937 1706 superior
954 1631 1034 1688 terra
1055 1627 1145 1705 plena
1167 1633 1213 1690 est
1231 1648 1297 1706 spe·

220 1731 317 1792 lunois
339 1734 370 1790 et
390 1730 500 1791 multos
520 1728 602 1789 laous
624 1731 793 1810 multasque
821 1730 945 1790 lnounas
973 1730 1006 1789 in
1028 1731 1140 1805 gremio
1164 1731 1298 1792 eontinet

221 1839 252 1896 et
272 1852 362 1911 rupes
384 1834 570 1912 deruptaque
592 1852 677 1907 saxa,
709 1833 803 1893 multa
824 1851 944 1913 quoque
974 1833 1099 1893 flumina
1127 1836 1182 1895 sub
1211 1838 1297 1910 tergo

222 1936 287 1998 eius
307 1937 417 1997 fluetus
438 1936 565 1999 volvunt
587 1939 618 1995 et
639 1953 720 1996 saxa.
763 1936 822 1996 His
836 1935 929 2012 igitur
943 1937 1033 1996 rebus
1048 1936 1214 1998 subiunotis
1229 1958 1298 2014 sup·

222 2039 397 2120 positisque,
419 2043 451 2099 et
471 2038 621 2115 speluncis
643 2043 673 2100 et
694 2039 818 2116 rupibus
842 2042 872 2099 et
893 2056 978 2119 aqua,
1001 2043 1081 2099 terra
1102 2038 1211 2113 tremit,
1235 2039 1298 2104 sive

225 2162 290 2203 oum
319 2141 458 2218 ingentes
487 2141 646 2218 speluncae
674 2145 771 2202 aetate
802 2141 951 2202 subruunt
979 2141 1155 2220 (ola-45)
1177 2142 1299 2203 -hoo

225 2249 325 2306 autem
354 2242 460 2304 mirum
489 2263 551 2304 non
580 2248 640 2318 est,
672 2265 741 2304 uam
763 2245 820 2305 toti
842 2248 959 2306 montes
981 2244 1035 2306 sub
1058 2249 1138 2306 terra
1159 2245 1301 2306 desidunt

223 2366 391 2428 magnoque
399 2366 544 2408 oououssu
553 2366 655 2408 eorum
664 2347 833 2426 disserpunt
842 2349 913 2408 inde
922 2351 1065 2409 tremores
1074 2347 1299 2426 (me-47)-

224 2451 287 2513 sive
310 2469 376 2510 oum
398 2450 486 2526 gleba
505 2451 612 2527 ingens
633 2451 665 2510 in
687 2471 809 2526 magnas
829 2472 925 2532 aquae
946 2452 1070 2512 luounas
1092 2453 1299 2512 subterraneas

224 2556 373 2614 vetustate
388 2572 405 2613 e
419 2555 499 2612 terra
512 2553 701 2630 provolvitur
715 2554 766 2627 ita,
781 2558 816 2616 ut
831 2554 895 2614 eius
910 2554 1081 2632 superficies
1096 2572 1190 2634 aquae
1205 2554 1299 2615 fluotu

224 2655 334 2716 iaetata
354 2653 477 2718 vacillet
496 2655 679 2735 (aea-54).
725 2654 805 2720 Quas
827 2657 900 2718 duas
922 2677 1024 2718 eausas
1045 2661 1133 2735 poeta
1154 2656 1300 2734 exemplis

226 2757 355 2836 amplius
380 2757 511 2818 illustrat
532 2751 586 2833 ets
606 2763 641 2819 ut
662 2759 788 2821 alterum
810 2760 1001 2838 praecipiam,
1030 2760 1064 2820 in
1085 2781 1134 2822 vv.
1152 2764 1297 2820 aaa—56

227 2861 361 2942 exponit,
384 2861 532 2943 quomodo
554 2866 635 2924 terra
651 2853 784 2938 'v’aoillet
806 2883 901 2946 aquae
922 2863 1017 2924 flnotu
1038 2863 1163 2924 iactata:

353 2973 387 3023 at
407 2983 457 3024 aar
478 2967 618 3026 obterdam
640 2984 697 3026 non
719 2967 784 3045 quit
803 2976 947 3038 constare,
971 2969 1032 3026 nisi
1052 2985 1134 3026 amor

354 3067 465 3128 destitit
484 3070 514 3127 r'a
536 3067 622 3128 tutto
634 3070 733 3150 flattu
755 3071 897 3130 iactarier
918 3071 1007 3129 t'rrtae.

226 3170 314 3233 Prius
336 3171 506 3249 exemplum
528 3172 628 3234 verbis
651 3176 691 3259 ⁸at
711 3164 827 3234 merito'
847 3194 896 3235 vv.
915 3171 1060 3232 aaa-47
1084 3173 1235 3250 adiungit,
1269 3178 1300 3233 et

227 3274 284 3336 ait:
306 3278 349 3362 ‘ut
365 3293 419 3352 par
437 3279 491 3349 est,
513 3279 593 3337 terra
608 3275 710 3336 tremit
731 3280 762 3336 et
782 3275 842 3336 late
865 3277 1035 3354 disserpunt
1056 3275 1126 3336 inde
1147 3280 1298 3351 tremores,

226 3377 288 3438 ubi.
301 3378 459 3455 speluncae
487 3379 697 3439 subterraneae
724 3382 755 3439 et
777 3382 892 3440 montes
915 3381 1037 3454 eadunt,
1070 3380 1210 3461 quoniam
1238 3399 1299 3440 non

226 3499 334 3556 magno
364 3481 495 3558 pondere
526 3481 652 3559 plaustri
683 3501 842 3543 oonoussae
872 3482 975 3542 domus
1004 3500 1098 3559 prope
1128 3482 1208 3544 viam
1239 3486 1298 3544 tre·

195 3650 205 3662 ,
226 3588 369 3662 mereunt,
391 3603 447 3644 neo
461 3585 559 3645 minus
574 3585 718 3658 exultant,
740 3585 920 3666 ubicumque
941 3585 1001 3647 viai
1023 3603 1071 3644 rar
1085 3585 1185 3663 aliqua
1206 3585 1299 3645 ferra-

227 3692 275 3750 tos
289 3691 420 3748 rotarum
437 3689 522 3747 orbes
537 3688 687 3770 utrimque
702 3690 838 3762 suaeutit,
862 3708 950 3769 quam
972 3692 1051 3748 terra
1071 3688 1195 3749 tremuit
1215 3708 1299 3749 mon·

226 3794 307 3854 tibus
329 3798 360 3853 et
381 3794 475 3853 antris
490 3785 709 3853 deridentibus?
756 3792 897 3853 Consulto
915 3792 992 3852 nihil
1014 3792 1095 3851 aliud
1117 3791 1213 3852 adhue
1235 3791 1298 3852 dixi

228 3918 318 3981 quam
346 3898 455 3988 ‘aliqua
482 3915 530 3956 res
558 3897 645 3956 orbes
672 3886 808 3957 suooutit’
837 3916 905 3955 narn
924 3896 1016 3957 verba
1036 3894 1123 3956 valde
1151 3897 1298 3972 corrupta,

230 4021 407 4087 quamquam
436 3999 557 4076 plurimi
586 4018 690 4060 sanare
719 3999 818 4059 eonati
845 4002 926 4072 sunt,
956 4002 1037 4058 oerto
1067 3996 1217 4058 emendari
1247 4016 1299 4057 ne·

230 4112 343 4191 queunt
352 4104 391 4184 ⁴).
435 4103 587 4164 Traditum
615 4112 661 4163 est
691 4103 731 4162 iu
753 4123 781 4162 v.
800 4107 876 4162 550:
905 4121 957 4161 aaa
985 4103 1077 4161 mrbus
1106 4101 1242 4161 exaltant
1269 4121 1300 4160 aa

229 4209 433 4223 u———ss

299 4247 325 4307 t)
343 4243 506 4293 Conieeernnt
523 4240 660 4289 Lambinus
677 4244 702 4289 et
719 4237 864 4288 Creeehius:
890 4237 933 4287 obt
947 4253 1032 4288 merua
1049 4237 1126 4300 sortia
1148 4253 1231 4300 aptam
1253 4236 1298 4300 oie,
