3004 4828
599 1229 721 1324 Caput
746 1229 799 1302 11.

519 1379 578 1446 De
610 1381 875 1462 paradoxis

245 1573 343 1633 Etiam
359 1572 395 1630 de
409 1571 499 1631 rebus
513 1570 655 1630 mirandis
670 1571 863 1632 Posidonium
878 1573 971 1634 multe
986 1575 1120 1634 doouisse
1136 1575 1234 1646 oredo,

53 1725 56 1731 .
161 1682 192 1739 et
213 1694 391 1758 quamquam
413 1693 508 1751 panea
530 1673 638 1734 diserte
661 1675 689 1733 ei
711 1674 900 1749 tribuuntur,
934 1682 1033 1736 tamn
1062 1675 1140 1735 liber
1161 1677 1234 1750 eius,

161 1781 267 1860 inquo
283 1797 319 1838 ea
332 1776 480 1850 traotavit,
503 1776 621 1838 restitui
636 1781 736 1854 potest
753 1798 792 1838 ex
806 1778 960 1853 Strabone,
982 1779 1102 1853 Seneoa
1125 1779 1234 1839 Plinio.

162 1885 268 1962 Neque
296 1885 396 1942 autem
425 1880 571 1940 oontendo
595 1880 789 1941 Posidonium
816 1882 919 1955 talem,
951 1902 1039 1961 quam
1063 1881 1234 1958 Antigonus

162 1984 312 2064 Carystius
334 1984 485 2063 oeterique
508 1979 559 2062 qui
574 1987 701 2044 aetatem
723 1985 858 2044 tulerunt
879 1985 1148 2062 paradoxographi,
1171 1985 1234 2061 epi-

162 2091 262 2147 tomen
284 2087 446 2164 scripsisse,
468 2085 500 2144 in
523 2105 583 2166 qua
604 2087 682 2146 nihil
702 2087 784 2147 eliud
806 2107 895 2168 quam
918 2087 1068 2148 mirabiles
1089 2086 1234 2148 ausoulta·

161 2191 258 2252 tiones
280 2189 482 2263 enumeravit,
506 2191 557 2250 sed
579 2189 644 2250 eius
666 2191 816 2267 paradoxa
838 2191 870 2248 in
892 2189 977 2250 libris
999 2190 1235 2265 meteorologiois

161 2295 333 2366 exstabant,
363 2298 398 2352 ut
419 2293 549 2352 Senecae
578 2293 610 2351 in
632 2292 709 2353 libro
731 2294 781 2351 III
802 2292 989 2353 Naturalium
1012 2291 1233 2365 Quaestionum,

161 2395 211 2455 val
234 2395 267 2452 in
288 2394 372 2455 libris
397 2391 465 2474 περὶ
490 2386 653 2468 Ὠκεανοῦ,
676 2401 707 2455 et
728 2413 763 2454 ea
784 2395 900 2470 attulit,
923 2400 957 2454 ut
979 2395 1058 2475 quod
1081 2395 1117 2454 de
1139 2399 1235 2479 terrae

163 2497 293 2557 motibus
320 2497 445 2578 aliisque
475 2499 564 2558 rebus
595 2516 746 2575 exponere
774 2499 883 2572 voluit,
916 2497 1081 2558 aoouratius
1114 2499 1233 2557 demon·

160 2604 274 2662 straret

245 2705 285 2764 ut
306 2706 432 2764 eundem
454 2703 585 2764 Luoretii
608 2708 759 2765 auotorem
780 2704 872 2765 fuisse
894 2705 1112 2764 demonstrabo.
1155 2703 1232 2762 Nam

160 2828 225 2868 oum
240 2807 353 2867 fontem
365 2807 558 2866 Dodonaeum
569 2807 716 2867 desoribat
730 2812 827 2884 poeto,
842 2807 875 2866 in
886 2827 934 2869 vv.
953 2811 1013 2866 890
1026 2827 1091 2887 sqq.
1107 2805 1176 2866 libri
1188 2805 1233 2865 VI

158 2911 232 2970 hoeo
254 2910 350 2970 oanit:

266 3014 341 3092 quod
359 3031 451 3089 genas
473 3013 543 3072 endo
566 3015 669 3072 marist
691 3014 790 3072 Arati
800 3012 884 3092 sons,
909 3013 1001 3071 duleis
1022 3014 1114 3090 αρυαὶ

265 3117 317 3194 qai
334 3117 425 3174 seub't
445 3124 474 3174 et
493 3116 590 3174 salsas
611 3117 720 3174 ciream
741 3134 772 3174 se
793 3115 915 3174 detnoeet
936 3114 1044 3174 andos:

265 3227 295 3276 et
315 3218 413 3278 maltis
435 3219 503 3278 ulri's
521 3218 643 3298 praebet
664 3219 829 3296 regenitus
850 3237 957 3298 aequor

265 3321 417 3380 utilitatem
439 3331 629 3399 opportunam
650 3319 809 3381 sz‘tzentt'ba'
831 3323 937 3393 nautes,

265 3424 340 3501 quod
359 3423 455 3482 doleat
474 3426 549 3482 inter
571 3426 663 3483 salsas
685 3425 849 3483 intervomit
869 3426 971 3483 undas.

159 3525 275 3589 Quibus
295 3527 328 3586 in
346 3527 483 3589 versibus
505 3529 607 3588 eadem
629 3527 745 3588 rationo
768 3529 804 3587 de
820 3527 911 3589 Aradi
933 3529 1017 3588 fonte
1038 3527 1155 3588 loeutus
1176 3531 1231 3600 est,

159 3648 218 3710 qua
233 3628 339 3690 Strabo
353 3629 431 3690 XVI
452 3651 482 3708 p.
500 3630 608 3692 7530:
630 3621 681 3689 Ἐν
703 3625 735 3689 δὲ
756 3633 819 3700 τοῖς
837 3625 978 3706 πολέμοις
1000 3626 1033 3689 ἐκ
1054 3630 1110 3689 τοῦ
1130 3621 1229 3709 πόρου

158 3725 266 3812 μικρόν
294 3725 352 3812 πρὸ
376 3735 429 3811 τῆς
450 3726 564 3804 πόλεως
585 3725 779 3813 ὕδρεύονυαι,
811 3725 910 3812 πηγήν
938 3729 1055 3810 ἔχοντος
1084 3725 1230 3806 ἀφθόνου

157 3828 275 3906 ὕδατος.
305 3838 441 3918 sequitur
462 3837 572 3897 deindo
594 3837 753 3914 desoriptio
775 3836 952 3916 aquationis,
975 3841 1038 3897 tum
1060 3835 1159 3913 pergit
1179 3855 1230 3895 au-

158 3944 239 4001 otor:
267 3932 301 3999 τὸ
331 3934 385 4017 μὲν
416 3927 471 3999 οὖν
501 3941 622 4022 πρῶτον
651 3933 815 4016 ἀναθλιβέν
843 3932 876 3998 ri
900 3941 953 4016 τῆς
981 3930 1131 4013 θαλάττης
1153 3935 1228 3998 ἐστί·

156 4042 374 4122 περιμείναντες
396 4037 428 4101 δὲ
449 4035 503 4120 τήν
524 4043 578 4102 τοῦ
600 4041 740 4123 καθαροῦ
761 4038 812 4102 καὶ
834 4040 963 4119 ποτίμου
991 4035 1101 4112 ῧόατος
1129 4033 1228 4120 ῥύσιν,

157 4137 422 4224 ὑπολαμβάνουσιν
444 4141 485 4216 εἰς
506 4139 610 4225 ἀγγεῖα
631 4140 906 4228 παρεσκευασμένα,
930 4135 1002 4204 ὅσον
1025 4136 1062 4203 ἂν
1084 4137 1154 4227 δὲῃ,
1177 4135 1229 4202 καὶ

158 4241 386 4331 πορθμεύουσιν
407 4243 449 4319 εἰς
470 4242 526 4326 τὴν
546 4241 640 4310 πόλιν.
