3004 4828
609 357 822 422 ..45-

180 511 269 570 donio
293 516 428 586 sumptus
450 514 497 586 sit,
520 535 580 573 non
603 515 715 587 dubito,
739 515 809 596 quia
830 515 932 575 fabula
954 515 989 574 de
1005 516 1123 592 Alpheo
1145 517 1253 577 iterum

179 613 332 674 invenitur
347 617 424 691 apud
440 615 580 676 Senecam
598 618 656 690 111,
674 623 722 690 26,
741 623 767 676 5.
813 618 1005 678 Posidonium
1028 637 1092 677 eam
1109 619 1255 680 refellisse

180 715 237 774 iam
261 716 341 776 illius
363 719 470 779 verba:
493 720 567 796 ,ι’πιίε
589 722 685 797 ορίαίο
708 721 761 778 esl'
785 721 988 782 demonstrare
1010 722 1082 780 mihi
1105 722 1254 783 videntur,

181 819 285 878 Paullo
313 826 381 897 post
402 823 508 882 Strabo
538 824 652 900 pergit:
683 820 859 882 ἐπιτείνουσι
882 819 914 882 di
936 817 989 900 τήν
1011 817 1151 899 τοιαύτην
1173 843 1253 900 τερα-

181 921 316 1000 τολογίαν
338 920 369 982 οί
388 917 440 983 τὸν
461 915 585 984 Ἰνωπιίν
608 923 650 995 εἰς
669 921 767 1000 Δῆλον
790 923 822 985 ἐκ
845 927 900 984 τοῦ
923 925 1032 984 Νείλου
1056 929 1254 1003 περαιοῦντες.
1293 947 1294 956 ’

182 1017 319 1098 Ἀλφειόν
342 1020 374 1084 δὲ
399 1026 512 1097 Ζωίλος
535 1019 553 1086 ὅ
575 1021 673 1106 ῥήτωρ
704 1026 798 1112 ἐντῷ
825 1025 967 1086 Τενεδίων
997 1025 1133 1109 ἐγκωμίῳ
1162 1025 1255 1103 φησίν

182 1123 215 1185 ἐκ
231 1124 360 1188 ’Τενέδου
382 1126 453 1208 ῥεῖν,
477 1121 495 1189 ὅ
515 1122 568 1188 τείν
581 1123 719 1208 Ὅμηρον
742 1127 844 1210 φίγων
867 1123 908 1200 οἷς
929 1123 1141 1208 μυθογράφον.
1172 1123 1255 1208 ’'Ida-

183 1222 236 1299 κὸς
260 1225 291 1289 di
312 1223 364 1290 τείν
387 1228 418 1291 ἐν
441 1233 575 1293 Σικυῶνι
594 1225 730 1293 Ἀσωπόν
757 1231 789 1293 ἐκ
815 1233 949 1312 Φρυγίας
976 1232 1039 1310 ῥεῖν
1066 1249 1149 1309 φησι.
1194 1231 1255 1310 βελ-

183 1331 253 1391 τίων
276 1325 302 1391 d'
323 1324 489 1408 Ἑκαταῖος,
518 1329 553 1404 ὅς
575 1351 648 1412 φησι
671 1328 724 1393 τόν
746 1333 777 1394 ἐν
799 1341 862 1406 τοῖς
883 1329 1072 1412 Ἀμφιλόχοις
1085 1329 1202 1412 Ἴναχον
1224 1333 1257 1398 ἐκ
1326 1401 1328 1411 ,

182 1437 237 1495 τοῦ
261 1438 393 1514 Λακμοῦ
415 1434 535 1516 ῥέοντα,
564 1435 594 1510 ἐξ
616 1424 653 1497 οὗ
677 1434 729 1496 καί
752 1429 769 1496 o‘
790 1437 869 1507 Αίας
892 1435 951 1516 ῥεῖ,
982 1433 1081 1516 ἕτερον
1104 1429 1180 1496 εἶναι
1202 1440 1256 1496 τοῦ

183 1529 373 1619 Ἀργολικοῦ,
406 1534 586 1617 ὠνομάσθαι
609 1534 635 1599 d’
656 1534 716 1602 v‘rsd
740 1533 919 1619 Ἀμφιλόχου
947 1543 1000 1600 τοῦ
1022 1539 1073 1600 καὶ
1095 1534 1149 1618 τήν
1171 1536 1256 1601 πόλιν

182 1634 293 1723 ’Ἀργος
313 1635 522 1722 Ἀμφιλοχικὸν
544 1641 734 1714 καλέσαντος·
766 1647 872 1704 τοῦτον
900 1639 952 1719 μὲν
975 1630 1030 1703 οὖν
1053 1630 1142 1713 οὗτός
1164 1662 1257 1720 φησιν

183 1743 224 1817 είς
239 1739 290 1807 τὸν
306 1739 447 1830 Ἀχελῷον
464 1740 623 1824 ἐκβάλλειν,
647 1741 699 1806 τόν
716 1742 748 1806 δὲ
766 1745 881 1806 Λίαντα
904 1743 946 1816 είς
967 1738 1164 1805 Ἀπολλωνίαν
1181 1740 1258 1824 πρός

182 1842 269 1908 δύσιν
298 1847 369 1927 ῥεῖν.
421 1851 536 1910 Similia
564 1849 679 1910 Plinius
709 1851 752 1909 ait
780 1848 896 1927 5229:
928 1859 966 1927 ιεί
997 1854 1026 1908 ιἰι
1057 1851 1125 1908 Helo
1160 1851 1255 1908 ιὐικίο

185 1954 289 2030 Inopus
302 1951 376 2032 sons
397 1952 491 2010 eodem
513 1971 567 2030 qao
585 1953 671 2010 Νίίιιν
695 1953 775 2009 modo
798 1971 833 2010 οι
851 1955 966 2030 pariter
988 1971 1049 2010 υκαι
1066 1972 1098 2010 eo
1120 1954 1258 2010 decrescit

186 2055 367 2132 arguturus)
410 2057 450 2115 Et
471 2055 584 2115 Seneca
606 2055 638 2113 in
661 2074 723 2130 oap.
741 2060 780 2114 26
805 2054 1039 2131 expositionem,
1063 2075 1115 2115 our
1135 2055 1261 2116 flumina

185 2262 201 2322 ξ
221 2264 235 2309 5
254 2263 350 2321 reliqua
368 2263 446 2308 latera
463 2261 548 2321 perrois
566 2259 676 2308 absolvit
702 2264 726 2308 et
749 2261 775 2308 in
794 2266 911 2319 sequente
930 2261 961 2307 de
977 2261 1059 2308 media
1081 2261 1181 2321 regione
1199 2260 1258 2308 Siei-

184 2347 232 2394 liae
251 2348 371 2395 disserere
388 2347 482 2407 incipit,
500 2347 530 2393 de
547 2346 637 2400 Henna
654 2348 791 2404 ceterisque
808 2347 914 2407 oppidis,
933 2347 1037 2405 denique
1057 2348 1148 2394 servile
1166 2347 1257 2394 bellum

185 2433 295 2480 breviter
307 2434 412 2494 attingit.
438 2433 466 2478 ln
480 2446 503 2492 p.
516 2433 564 2481 273
577 2431 647 2480 initio
659 2446 758 2480 oausam
771 2434 824 2480 eius
833 2433 891 2480 belli
903 2433 984 2493 affert,
999 2433 1064 2491 quod
1077 2447 1106 2480 ex
1118 2433 1258 2494 philosophi

186 2519 348 2579 Apameensis
371 2520 470 2580 seriptis
494 2532 550 2565 eum
575 2520 675 2567 novisse
693 2519 900 2567 verisimillimum
917 2525 968 2577 est,
994 2533 1049 2566 oum
1067 2520 1209 2567 Athenaeus
1232 2521 1259 2566 in

185 2619 210 2664 p.
224 2607 299 2653 ties
316 2621 347 2653 ex
365 2607 451 2655 eodem
468 2607 536 2654 bella
554 2606 657 2654 servilia
674 2606 786 2664 interque
805 2619 835 2652 ea
846 2606 911 2665 quod
923 2606 1028 2653 Romani
1047 2620 1102 2652 oum
1116 2605 1188 2652 Enno
1205 2619 1258 2664 ges-

186 2697 286 2750 serunt,
313 2692 428 2740 hauserit.
465 2694 494 2740 In
512 2693 561 2741 fine
579 2692 728 2753 paragraphi
746 2692 819 2740 huius
836 2706 921 2739 rursus
941 2706 999 2740 suae
1017 2692 1104 2740 aetatis
1120 2705 1160 2739 res
1178 2697 1260 2752 gestas

186 2784 211 2824 et
228 2778 254 2824 in
272 2779 320 2838 §i
348 2778 498 2826 fertilitatem
522 2779 617 2826 insulae
635 2779 734 2837 laudat,
761 2778 849 2826 deinde
866 2777 1025 2825 Posidonium
1043 2777 1154 2824 meminit
1171 2778 1261 2824 dixisse

187 2863 217 2910 de
234 2862 332 2910 arcibus
350 2862 480 2924 Syrasusis
498 2869 523 2912 et
539 2863 627 2924 Eryce.
663 2865 692 2910 ln
710 2865 741 2925 ἐξ
757 2865 773 2912 8
790 2869 815 2911 et
832 2867 847 2913 9
867 2865 896 2911 de
912 2864 994 2911 Aetna
1011 2868 1036 2910 et
1052 2863 1174 2910 Nebrodis
1191 2877 1260 2910 mon·

187 2948 252 2996 tibus
269 2950 435 2997 narrationem
453 2949 609 3009 persequitur
627 2963 695 3008 eam,
713 2963 786 3008 quam
805 2949 931 2998 incohavit
950 2949 975 2996 in
994 2951 1099 3010 paginae
1117 2950 1166 2996 969
1183 2949 1261 2997 initio.

188 3037 260 3083 Illam
283 3037 358 3096 igitur
382 3050 412 3083 ex
430 3036 516 3084 eodem
533 3035 601 3083 fonte
618 3035 734 3095 fluxisse,
760 3037 824 3083 unde
848 3037 909 3085 baso
932 3036 993 3083 mihi
1017 3037 1128 3096 persuasi
1152 3036 1261 3097 exeeptis

188 3137 275 3182 nempe
300 3136 362 3180 quae
384 3122 459 3168 tradit
483 3121 513 3168 de
531 3121 626 3169 Aetnae
651 3136 754 3170 assensu
777 3136 821 3170 sua
846 3127 925 3170 aetate
949 3122 1026 3180 laeto,
1054 3121 1184 3183 praecipue
1206 3135 1261 3168 oum

189 3207 322 3266 Orontem,
341 3207 482 3268 Tigridem,
501 3208 592 3266 Nilum,
611 3207 750 3266 Erasinum,
769 3211 874 3268 Aseam,
893 3209 1024 3254 Timavum
1041 3221 1072 3254 ex
1089 3208 1221 3255 Posidonio
1240 3208 1262 3254 ei

188 3302 261 3343 notos
277 3296 353 3343 fuisse
371 3296 539 3342 demonstrare
558 3299 631 3342 antea
648 3294 830 3354 temptaverim.
866 3295 943 3340 Porro
961 3295 1050 3340 mirum
1068 3299 1186 3352 quantum
1204 3307 1261 3340 oon-

190 3381 280 3429 sentire
305 3381 365 3427 mihi
383 3380 498 3428 videntur
516 3380 594 3428 verba
612 3394 683 3439 auae
708 3385 805 3428 exstant
822 3381 853 3427 de
870 3379 961 3427 mundo
978 3379 1014 3426 v1
1031 3394 1055 3440 p.
1070 3380 1143 3428 40οι
1162 3382 1209 3429 31:
1234 3376 1262 3428 αἱ

189 3462 219 3520 δὲ
244 3461 360 3533 (φλόγες)
385 3461 466 3528 πρὸς
493 3462 639 3527 ἑσπέραν
668 3462 697 3517 ἐκ
723 3465 773 3530 γῆς
799 3459 976 3530 ιῖναβλιίοασαι
1001 3461 1045 3514 καὶ
1070 3460 1261 3526 ἐκρυσήσασαι,

189 3547 306 3616 καθάπερ
331 3551 382 3603 τῶν
407 3548 433 3604 ἐν
461 3549 537 3619 Αἴτνῃ
564 3545 700 3615 κρατήρων
724 3545 913 3616 ἀναρραγέντων
933 3587 1043 3598 .....
1070 3557 1095 3598 et
1119 3549 1262 3598 Strabonis:

190 3634 321 3699 νύκτωρ
347 3633 392 3700 μὲν
419 3625 463 3688 eis
490 3634 535 3688 καί
559 3635 644 3702 φίγγη
669 3635 786 3702 φαίνεται
810 3631 913 3701 λαμπροὶ
936 3633 966 3686 ἐκ
983 3634 1031 3698 τῆς
1049 3633 1177 3701 κορυφῆς,
1205 3631 1264 3699 μεθ’

190 3717 289 3790 ἡμέραν
307 3719 337 3774 δὲ
354 3721 441 3789 καπνῷ
468 3719 513 3772 καί
529 3716 605 3788 eph
623 3720 765 3788 κατέχεται.
801 3724 915 3782 Denique
940 3722 1101 3782 Liparesrum
1128 3722 1262 3769 insularum

189 3810 338 3857 mentionem
356 3809 414 3856 iaoit
431 3809 457 3855 in
475 3809 507 3870 §5
528 3811 559 3856 10
577 3812 602 3855 et
621 3810 650 3856 11
671 3814 696 3856 et
714 3809 744 3856 de
762 3809 931 3870 eruptionibus
949 3808 1073 3867 loquitur,
1097 3807 1196 3869 Polybii
1211 3822 1262 3855 ms-

190 3896 270 3942 moria
286 3895 419 3942 interiecta.
456 3895 568 3941 Alterum
587 3895 679 3941 iontem
697 3895 786 3954 igitur,
811 3908 860 3953 quo
877 3899 975 3955 praeter
991 3893 1123 3954 Polybium
1141 3907 1200 3941 usus
1218 3897 1263 3952 est,

191 3997 222 4030 ex
240 3996 289 4041 quo
305 3982 412 4042 plurima
430 3981 518 4040 capitis
536 3980 561 4026 ll
578 3984 754 4038 manaverunt,
773 3981 947 4039 philosophum
966 3979 1040 4027 luisse
1059 3983 1173 4039 apparet,
1199 3979 1264 4037 quod

190 4067 216 4115 in
234 4069 249 4130 ξ
263 4070 292 4116 11
313 4067 344 4114 de
362 4068 443 4114 insula
461 4065 524 4114 inter
537 4066 664 4112 Himeram
677 4071 701 4112 st
713 4065 868 4126 Euonymum
881 4071 935 4112 orta
953 4079 1008 4113 eum
1025 4065 1109 4112 laudat
1126 4069 1151 4112 et
1162 4069 1264 4112 ventum

193 4156 350 4214 eruptionum
372 4167 471 4201 oausam
495 4166 549 4200 asse
577 4157 602 4200 et
619 4153 714 4199 Aetnae
733 4156 757 4200 et
774 4152 893 4199 montium
911 4151 936 4198 in
953 4151 1025 4198 Aeoli
1048 4149 1136 4198 insulis
1161 4150 1262 4196 sitorum

193 4239 264 4288 dooet
281 4240 367 4288 eadem
386 4241 490 4298 ratione,
508 4251 556 4314 oua
574 4233 659 4286 snotor
677 4236 735 4286 libri
751 4234 810 4300 περὶ
827 4233 926 4302 κόσμον
944 4235 980 4284 IV
998 4250 1021 4296 ρ.
1035 4235 1111 4284 esob
1131 4237 1162 4283 18
1174 4248 1228 4295 sqq·
1268 4211 1270 4220 ,
