3004 4828
648 338 863 404 ,44-

218 492 359 569 magistro
388 514 438 570 pp.
461 501 496 567 6,
522 498 577 567 55,
604 496 661 553 173
692 515 867 577 semperque
897 491 964 574 περὶ
992 497 1050 554 noir
1080 491 1293 573 ntqcnvpiiooe

218 591 269 654 καὶ
291 597 352 654 τῶν
374 587 549 672 tundnau,
564 597 627 658 sive
650 594 717 675 περὶ
740 601 793 658 τοῦ
817 595 952 659 ὠκεανοῦ
975 595 1024 657 καὶ
1049 599 1107 656 suiv
1130 594 1293 676 πλημμυρί-

221 696 280 755 dev
303 699 453 758 simillima
473 706 625 760 memorat.
668 701 807 782 Denique
821 703 854 760 in
869 703 1004 762 dulcibus
1026 702 1111 781 aquis
1131 701 1220 761 lunae
1243 699 1295 758 nli-

220 807 351 861 mentum
368 821 442 876 esse,
465 803 595 864 4144114
618 805 740 864 marinis
763 807 833 866 solis
855 806 913 884 (Pl.
938 805 954 884 S
975 807 1058 882 223),
1080 809 1114 865 41
1136 803 1220 864 414141
1244 805 1295 863 do·

222 911 298 976 cent,
321 925 338 962 a
359 907 519 966 Posidonio
541 906 574 965 in
596 907 672 966 libro
691 909 734 966 VI
755 910 897 988 physicae
920 909 1087 988 expositum
1111 912 1175 967 4441
1196 905 1294 985 (Diog.

222 1008 508 1088 144411111145).
554 1008 637 1072 Quae
659 1030 707 1070 res
729 1031 768 1070 ex
789 1011 871 1072 illius
893 1011 978 1072 libris
993 994 1170 1088 compertae,
1194 1027 1295 1089 quam-

223 1129 310 1186 quam
334 1130 373 1169 ex
387 1131 495 1187 magna
515 1112 595 1172 inter
610 1117 769 1191 utrumque
785 1115 1033 1175 consentientium
1047 1113 1195 1174 rationum
1211 1111 1297 1188 copia

223 1232 356 1273 corrasae
379 1220 468 1294 atque
491 1221 626 1292 arreptae
645 1217 717 1276 satis
732 1218 862 1292 probant
876 1197 1007 1276 Plinium
1023 1235 1111 1292 saepe
1125 1216 1157 1274 14
1171 1214 1249 1274 libro
1264 1210 1296 1271 Π

222 1314 305 1373 illum
339 1317 548 1394 philosophum
585 1325 717 1379 secutum
750 1339 822 1393 esse,
857 1339 954 1398 neque
987 1319 1174 1388 mirabimur,
1209 1317 1234 1376 si
1264 1316 1296 1374 in

224 1415 259 1496 ἓξ
277 1423 337 1476 224
351 1439 416 1500 sqq.
445 1418 586 1500 pleraque
613 1423 650 1480 ab
679 1421 731 1480 illo
761 1428 911 1484 mutuatus
939 1426 992 1482 est.
1036 1424 1073 1481 In
1095 1419 1111 1500 5
1130 1426 1191 1479 224
1217 1420 1296 1479 enim

223 1522 315 1580 verba
344 1527 480 1583 exstant:
511 1523 666 1601 ,Quaedam
696 1543 762 1582 nero
785 1535 814 1583 et
835 1525 931 1584 dulces
957 1528 1034 1584 enter
1060 1545 1090 1582 re
1117 1532 1298 1601 supermeant

225 1623 312 1695 olins,
339 1633 371 1682 ut
391 1667 499 1684 .....
519 1629 548 1686 14
571 1629 715 1686 Lemanno
733 1628 885 1686 Rhodanus
909 1629 955 1686 die
978 1639 1060 1687 trans
1078 1629 1168 1704 Alpes
1190 1667 1294 1683 .....

224 1727 376 1784 multorum
407 1729 513 1787 milium
537 1733 663 1789 transitu
684 1731 838 1807 hospitalia
859 1750 926 1789 suus
948 1740 1057 1788 tuntum
1079 1750 1131 1788 nee
1154 1730 1298 1805 largiores

224 1847 306 1905 quarn
327 1831 450 1890 abludere
471 1851 561 1910 aquus
581 1834 737 1891 evehentes.
768 1833 914 1909 proditum
934 1834 988 1890 hoe
1003 1842 1032 1889 et
1048 1835 1076 1890 in
1096 1833 1200 1890 Oronte
1217 1850 1299 1889 amne

226 1932 330 2006 Syrtico
352 1936 503 2012 multetque
524 1935 613 1995 aliis!
654 1937 738 1996 Idem
762 1938 797 1995 de
813 1937 957 1996 Rhodano
979 1936 1073 1996 fluvio
1093 1935 1198 1995 Strabo
1221 1956 1297 1994 com-

225 2042 369 2097 memorat
390 2058 418 2114 p.
432 2039 502 2112 271,
526 2058 591 2098 eum
613 2039 744 2100 fabulam
767 2041 803 2099 de
818 2040 968 2099 Arethusa
989 2039 1072 2099 fonte
1095 2038 1206 2098 reiciat
1238 2037 1298 2101 Qui

225 2135 322 2212 locus,
355 2146 389 2200 ut
409 2141 537 2218 plurima
558 2142 664 2219 capitis
684 2141 780 2219 11⁸⁶)
803 2143 866 2201 eius
888 2141 957 2201 libri
976 2141 1034 2214 VI,
1059 2140 1131 2221 quin
1154 2161 1193 2200 ex
1216 2139 1298 2199 Posi-

295 2327 338 2392 36)
355 2331 385 2377 In
403 2332 481 2390 capi
497 2331 555 2378 libri
567 2331 602 2378 VI
620 2330 749 2378 Strabonis
766 2331 855 2377 iterum
874 2329 1012 2387 iterumque
1025 2327 1160 2375 Antiochus
1176 2328 1297 2386 laudatur,

227 2414 307 2461 sedin
325 2430 378 2477 cap.
392 2419 417 2464 lI
434 2431 564 2476 nusquam,
582 2418 725 2478 saepissime
737 2424 819 2465 autem
830 2415 985 2463 Posidonius.
1024 2414 1085 2461 lnde
1102 2413 1181 2461 conici
1199 2413 1255 2460 licet
1272 2413 1297 2459 in

224 2498 267 2544 1114
281 2500 426 2561 scriptorem
437 2504 580 2562 plerumque
593 2503 741 2550 Antiochum
754 2506 864 2550 secutum
877 2515 938 2559 4444,
957 2502 982 2548 14
995 2500 1042 2547 boc
1052 2499 1219 2547 Posidonium.
1245 2500 1298 2546 Iam

226 2583 252 2630 14
270 2585 285 2644 ξ
300 2589 321 2644 1,
340 2587 420 2634 forma
432 2595 456 2636 et
468 2590 516 2637 situ
528 2588 626 2636 Siciliae
639 2589 765 2648 expositis,
782 2587 930 2635 Posidonius
942 2591 1146 2634 commemoratur
1163 2585 1193 2632 de
1206 2584 1299 2644 magni-

227 2670 311 2718 tudine
328 2673 433 2720 laterum
451 2679 476 2722 41
493 2675 608 2722 circuitus
626 2675 729 2722 insulae.
765 2675 829 2720 'l'um
846 2674 877 2720 (14
895 2673 982 2720 iisdem
994 2671 1158 2732 chorograpbi
1170 2677 1194 2719 41
1205 2670 1300 2731 Ephori

228 2757 257 2804 de
275 2758 378 2806 circuitu
394 2761 479 2808 verbis
496 2762 593 2820 allatis,
620 2762 701 2809 denuo
719 2761 822 2808 stoicum
839 2759 952 2806 illumin
970 2757 1087 2805 auxilium
1105 2763 1180 2803 vocat
1196 2770 1299 2816 geogra-

226 2843 290 2899 phus
308 2844 338 2891 (14
354 2847 529 2906 promunturiis
547 2853 572 2895 et
589 2848 695 2908 primum
712 2847 810 2906 quidem
828 2846 858 2893 (14
876 2844 952 2892 141444
970 2843 1084 2892 orientali
1110 2843 1218 2902 loquitur
1243 2856 1299 2889 nar-

228 2933 322 2988 ratque,
341 2939 458 2989 quantum
468 2933 613 2994 Pachynum
630 2934 661 2981 ab
680 2934 771 2995 Alphei
788 2933 851 2980 44114
869 2931 956 2994 (114141,
982 2936 1034 2976 tum
1051 2929 1200 2977 Artemidori
1217 2935 1300 2976 aucto-

228 3015 301 3062 ritate
319 3016 465 3078 interposita
482 3020 512 3068 de
530 3020 602 3069 111444
620 3022 646 3067 14
658 3020 768 3068 Africam
781 3023 901 3078 vergente
918 3023 944 3064 41
960 3017 991 3064 (14
1008 3017 1139 3064 intervallo
1157 3016 1221 3062 inter
1232 3015 1300 3075 Lily·

227 3101 317 3150 baeum
328 3110 353 3151 et
364 3104 548 3166 Carthaginem,
567 3107 671 3166 denique
690 3107 720 3154 (14
738 3105 809 3153 144114
827 3105 904 3151 141444
915 3103 1001 3150 eadem
1018 3103 1114 3150 ratione
1131 3103 1167 3148 ita
1184 3101 1299 3160 loquitur,

229 3192 256 3234 ut
272 3196 392 3250 appareat
409 3193 461 3241 1444
479 3198 556 3240 totam
573 3207 672 3253 paragr.
688 3197 700 3240 1
720 3192 840 3252 (exceptis
857 3189 1035 3249 chorographi‚
1062 3188 1171 3248 Ephori,
1195 3190 1300 3236 14414444

229 3277 379 3324 Artemidori
397 3278 495 3338 verbis,
514 3294 587 3340 quem
605 3294 621 3326 a
636 3278 770 3326 Posidonio
788 3277 918 3324 dissentire
935 3275 1040 3335 scriptor
1057 3274 1126 3334 dicit)
1145 3289 1175 3322 ex
1192 3273 1240 3320 hoc
1256 3273 1300 3320 flu·

229 3363 295 3410 nisse
313 3365 355 3424 (41.
375 3365 448 3412 etiam
466 3363 625 3425 1141144444,
644 3364 760 3412 deutsche
778 3361 990 3410 altsrtumslrunde
1007 3374 1031 3421 p.
1045 3363 1114 3420 443).
1150 3361 1180 3406 14
1192 3361 1213 3422 ,ξ
1233 3362 1248 3408 2
1266 3361 1300 3406 la·

229 3450 289 3497 14414
306 3450 434 3499 orientalia
452 3450 525 3500 urbes
544 3456 672 3499 enumerat
689 3455 762 3509 atque
780 3453 876 3508 monet,
900 3447 965 3506 quod
982 3446 1097 3507 Ephorus
1115 3445 1145 3494 de
1162 3459 1248 3518 aarum
1265 3447 1301 3492 hi-

229 3537 306 3582 storia
323 3537 442 3596 narravit,
460 3539 475 3600 ξ
490 3542 504 3586 3
522 3538 619 3598 singula
636 3537 727 3597 oppida
745 3534 868 3593 describit,
886 3535 1026 3581 Messanam
1044 3537 1069 3580 41
1083 3531 1210 3590 camum,
1229 3537 1253 3580 et
1269 3531 1301 3579 ab

229 3622 299 3670 initio
316 3637 340 3684 p.
356 3626 405 3671 269
418 3651 451 3660 -
464 3638 522 3670 nam
540 3624 648 3670 narratio
666 3624 696 3670 de
715 3622 880 3683 Amphinomo
899 3625 924 3667 41
935 3619 1033 3680 Anapis
1050 3619 1125 3666 etiam
1136 3617 1303 3665 Posidoniana

231 3715 275 3768 441,
294 3724 349 3757 cnm
367 3711 471 3758 eandem
488 3709 624 3770 praebeant
641 3709 734 3758 Seneca
752 3709 781 3756 de
799 3706 943 3765 44441111,
962 3707 1002 3763 37,
1022 3706 1037 3751 2
1055 3709 1181 3752 41444144
1198 3704 1255 3751 libri
1272 3704 1302 3751 de

230 3797 321 3843 mundo
338 3796 374 3843 Vl
391 3811 417 3857 p.
430 3799 504 3846 4004
522 3798 554 3844 34
567 3810 621 3855 sqq.
642 3823 675 3830 -
693 3795 724 3843 dc
748 3794 874 3842 fertilitate
897 3789 1006 3852 regionis
1031 3792 1097 3838 circa
1112 3791 1218 3837 Aetnam
1241 3790 1302 3837 41144

229 3883 390 3932 Posidonium
408 3884 525 3942 sequitur.
561 3883 589 3928 ln
610 3883 624 3944 §
643 3884 660 3930 4
683 3881 766 3942 pergit
789 3881 815 3926 in
833 3879 997 3939 descriptione
1014 3876 1111 3924 urbium
1128 3881 1153 3924 et
1170 3875 1302 3936 Syracusa·

231 3985 286 4017 rum
299 3971 426 4018 historiam
439 3969 547 4030 exponit,
566 3969 666 4029 Ephoro
679 3966 807 4026 deprimis
824 3965 911 4012 incolis
926 3963 1033 4023 laudato,
1050 3961 1181 4021 fabulaque
1199 3962 1303 4010 (14444-

231 4058 389 4104 1444414414
407 4056 555 4118 praemissa,
582 4067 735 4101 communem
754 4051 895 4113 opinionem
920 4050 996 4098 reicit.
1032 4049 1115 4096 Etiam
1132 4049 1196 4096 banc
1213 4048 1303 4095 441414-

231 4145 322 4192 tionem
342 4157 372 4191 er
386 4142 519 4190 Posidonio
538 4146 661 4201 sumptam
680 4154 742 4198 4444,
761 4144 788 4185 41
805 4151 880 4198 supra
897 4136 956 4195 dixi,
974 4135 1109 4184 verisimile
1127 4138 1171 4183 441.
1207 4133 1237 4180 14
1255 4135 1302 4182 fine

232 4228 383 4290 paragraphi
407 4229 495 4286 huius,
520 4233 651 4288 postquam
669 4226 727 4287 quid
745 4239 790 4274 444
807 4230 886 4273 acute
905 4223 1017 4272 evenerit
1035 4222 1178 4283 descripsit,
1206 4221 1261 4270 sola
1276 4220 1303 4267 in
