3004 4828
245 1247 378 1372 Usque
400 1291 437 1350 ad
452 1293 586 1350 nostrum
601 1292 729 1365 tempus,
752 1286 803 1368 qui
819 1287 856 1346 de
870 1286 1005 1348 fontibus
1022 1284 1159 1346 carminis
1174 1287 1234 1346 Lu-

162 1394 284 1456 cretiani
306 1392 528 1475 quaesiverunt,
551 1391 610 1453 viri
632 1391 712 1452 docti
734 1394 853 1468 poetam
875 1389 953 1450 nihil
974 1394 1082 1468 putant
1102 1388 1135 1448 in
1158 1409 1234 1467 opus

163 1503 244 1558 suum
265 1495 421 1573 recepisse,
445 1495 525 1575 quod
546 1513 608 1553 non
628 1492 688 1552 iam
710 1492 851 1570 magister
873 1492 1022 1554 docuisset
1036 1492 1182 1572 Epicurus
1194 1493 1233 1572 ¹).

163 1598 240 1664 Quin
263 1587 362 1659 etiam
375 1599 411 1656 de
426 1595 605 1675 Empedocle
621 1601 652 1657 et
667 1595 839 1674 Thucydide
860 1614 956 1672 nuper
970 1595 1134 1656 Woltierus
1157 1596 1236 1658 dixit

160 1703 192 1761 in
214 1700 384 1779 speciminis
406 1699 531 1761 literarii
553 1698 599 1759 sui
621 1717 688 1776 pag.
705 1703 763 1757 188
776 1677 918 1785 ¹):⁸‘cum
933 1703 1031 1760 autem
1047 1695 1235 1776 Empedoclis

161 1825 278 1866 carmen
292 1804 386 1864 multa
402 1803 563 1876 contineat,
585 1819 662 1881 quae
684 1804 812 1878 poetam,
834 1804 869 1860 ut
883 1820 919 1861 ea
933 1801 1108 1877 imitaretur,
1131 1802 1235 1863 stimu-

159 1909 220 1968 lore
239 1908 375 1981 debeant,
397 1907 430 1966 in
448 1906 559 1986 quibus
573 1904 732 1965 haeretios
745 1903 976 1980 Agrigentinum
992 1923 1053 1963 non
1071 1903 1236 1965 aemulatus

162 2013 214 2084 est,
237 2008 392 2087 probabile
415 2014 461 2069 est
482 2027 525 2080 ea,
548 2025 624 2089 quae
647 2005 777 2087 aliquam
800 2007 928 2084 speciem
958 2007 1162 2070 similitudinis
1183 2010 1237 2068 ha'-

160 2113 258 2186 beant,
282 2131 342 2171 non
365 2116 426 2171 tem
448 2131 487 2171 ex
508 2111 575 2189 ipso
592 2109 771 2187 Empedocle
794 2114 911 2187 sumpta
927 2129 990 2170 esse
1008 2129 1097 2190 quam
1112 2129 1151 2170 ex
1165 2112 1237 2189 Epi-

160 2205 249 2277 curo.’
272 2215 382 2275 etiam
405 2220 493 2275 antea
514 2233 580 2293 pag.
596 2216 673 2272 160:
704 2210 818 2298 ‘Potius
846 2211 992 2272 credimus
1014 2213 1177 2291 Epicurum
1200 2216 1236 2274 de

159 2319 271 2378 morbis
287 2319 473 2390 scribentem,
497 2337 562 2376 oum
582 2317 617 2375 de
633 2319 718 2393 peste
741 2319 851 2391 ageret,
866 2314 1047 2392 Thucydidis
1063 2315 1236 2394 descriptio·

161 2439 231 2478 nem
254 2422 387 2479 secutum
410 2437 489 2493 esse,
519 2418 663 2478 nonnulla
683 2416 845 2492 addidisse,
874 2417 933 2477 aha
955 2436 1031 2498 quae
1054 2418 1238 2479 emendanda

160 2522 188 2582 ei
211 2521 385 2583 viderentur
407 2522 577 2583 emendasse
600 2526 631 2582 ot
651 2520 824 2582 Lucretium
846 2521 980 2597 magistri
1002 2520 1129 2596 vestigia
1155 2541 1237 2599 pres·

160 2615 252 2686 sisse?
296 2623 342 2684 De
363 2624 462 2702 priore
486 2623 635 2685 sententia
660 2623 738 2683 nihil
759 2623 833 2684 certi
855 2622 997 2684 affirmari
1025 2628 1138 2700 potest,
1168 2644 1237 2684 nam

159 2727 334 2805 Epicureos,
363 2726 414 2807 qui
438 2731 507 2788 anto
530 2726 701 2788 Lucretium
724 2725 875 2799 vixerunt,
902 2725 935 2784 in
964 2725 1069 2786 studiis
1091 2727 1238 2804 Empedo-

161 2829 234 2889 cleis
261 2834 394 2890 versatos
423 2849 487 2890 esse
519 2834 645 2892 testatur
674 2829 780 2891 titulus
808 2829 952 2890 librorum
978 2827 1156 2889 Hermarchi
1185 2830 1238 2910 qui

161 2935 264 2993 exstat
285 2933 364 3009 apud
385 2931 550 3008 Diogenem
573 2932 725 2993 Leontium
747 2931 787 3007 X,
804 2937 862 2994 25:
882 2922 1059 3019 ξέπιστολικᾶ
1081 2927 1151 3012 περὶ
1170 2924 1239 3010 ’Ep-

161 3030 343 3105 πεᾶοκλὲονς
365 3031 458 3094 altresi
487 3031 539 3094 acl
561 3027 639 3112 δύο,
671 3041 703 3097 et
724 3053 783 3110 eos,
806 3055 872 3095 curn
895 3053 978 3095 suam
1000 3035 1164 3096 doctrinam
1186 3055 1238 3096 ex·

160 3143 318 3214 ponerent,
340 3157 444 3199 versus
465 3137 547 3215 ipsos
563 3137 752 3216 Empedoclis
770 3137 905 3199 attulisse
926 3137 1116 3198 manifestum
1139 3145 1239 3201 estex

159 3240 267 3317 fragm.
289 3241 368 3317 apud
390 3239 514 3301 Sextum
536 3242 603 3302 adv.
626 3242 766 3302 matham.
782 3241 839 3316 XI,
851 3247 895 3300 ’96
918 3261 948 3319 p.
966 3245 1036 3315 560,
1053 3246 1093 3300 26
1117 3240 1239 3321 (Behh.)

160 3347 297 3405 servato:
318 3333 390 3402 'Act
413 3335 540 3402 sideest
562 3362 637 3415 τινες
658 3345 718 3402 τῶν
739 3335 801 3403 ἀπὸ
820 3344 873 3420 τῆς
893 3335 1075 3424 Ἐπικούρου
1098 3341 1238 3425 αἱρέσεως

160 3439 241 3528 πρός
264 3437 318 3517 τὰς
339 3439 478 3517 τοιαύτας
501 3439 631 3528 ἀπορίας
652 3438 843 3518 ὖνιαννοῖντες
863 3442 955 3526 λέγειν
971 3439 1017 3506 ὅτι
1032 3448 1171 3522 φυσικῶς
1187 3445 1238 3508 aul

162 3541 334 3619 ἀδιδάκτως
362 3541 395 3608 τό
419 3549 495 3633 ζῷον
517 3542 620 3630 φεύγει
648 3544 701 3628 μὲν
731 3544 785 3628 τήν
807 3542 973 3630 ἀλγηδόνα,
1006 3542 1109 3610 διώκει
1131 3545 1163 3610 δὲ
1184 3545 1240 3630 τὴν

159 3641 292 3728 ἡδονήν·
315 3645 460 3731 γεννηθὲν
482 3653 557 3732 γοῦν
578 3649 629 3711 nol
651 3649 775 3731 μηδέπω
797 3656 860 3724 τοῖς
880 3645 958 3714 acroi
976 3645 1066 3724 δόξαν
1083 3650 1239 3729 δουλεῦον,

160 3746 226 3832 ἅμα
255 3753 296 3836 τῷ
317 3750 505 3833 lucrosam
535 3748 726 3834 ἀσυνήθει
755 3750 846 3836 ἀέρος
875 3749 964 3831 ψύξει
993 3751 1179 3816 ἔκλαυσεν
1201 3776 1239 3816 τε

159 3853 225 3918 καὶ
247 3849 454 3931 turlecoso,
477 3859 587 3940 quihus
603 3859 636 3919 in
650 3860 786 3921 versibus
802 3859 967 3937 Epicureus
981 3859 1034 3921 ille
1048 3860 1133 3922 Sexti
1147 3861 1240 3924 verba

159 3959 361 4038 Empedoclea
382 3981 430 4022 vv.
448 3967 508 4020 885
525 3982 591 4044 sqq.
615 3961 672 4042 (ed.
689 3962 786 4040 Stein)
808 3963 979 4024 recordatus
1002 3968 1063 4024 est:

233 4116 260 4175 1)
284 4115 314 4162 of.
333 4113 430 4174 Zellor,
456 4115 524 4178 phil.
543 4115 567 4163 d.
587 4114 693 4164 ossen:
717 4117 768 4175 111,
789 4118 827 4164 1ο
849 4130 873 4178 p.
887 4117 936 4166 547
961 4117 1017 4166 adu.
1030 4117 1062 4164 11.
1096 4117 1126 4164 R.
1145 4115 1238 4177 Hirael,

159 4199 393 4260 ‘Untersuchungsn
411 4213 443 4248 au
460 4199 560 4250 Ciceros
577 4202 639 4264 phil.
659 4201 785 4250 schriiton'
804 4202 817 4248 I
833 4217 859 4262 p.
872 4205 904 4251 98
923 4203 978 4250 adn.
992 4205 1016 4252 l.

234 4288 259 4348 2)
275 4286 386 4336 Lucretii
403 4286 562 4349 philosophis
579 4302 635 4337 cnm
652 4287 763 4336 fontibus
779 4293 931 4349 comparata,
950 4287 1091 4348 Groningao
1112 4288 1187 4340 1877.

1018 4383 1030 4434 1
