3004 4828
670 322 884 388 ...42-

240 476 256 557 5
278 485 338 538 202
362 484 479 540 servata
501 484 547 540 est
568 499 586 538 a
607 479 786 556 philosopho
809 479 862 538 illo
878 479 1057 555 Apameensi
1081 480 1158 554 apud
1174 477 1314 538 Senecam

238 583 275 640 N.
294 581 330 644 Q.
348 583 399 655 VI,
417 588 467 655 21,
488 587 501 639 1
527 590 558 641 et
578 581 621 655 II,
639 588 687 656 26,
704 588 731 654 4,
756 583 870 641 insulae
888 583 919 641 in
938 583 1005 642 sinu
1023 582 1117 642 Tusco
1137 581 1317 657 emergentis

238 685 270 740 in
295 682 310 760 ᾖ
332 689 392 741 203
416 687 493 759 apud
513 686 686 744 Strabonem
706 685 750 743 VI
770 705 799 760 p.
817 684 888 757 277,
923 685 1028 743 Etiam
1049 684 1237 743 Pithecussas
1254 683 1314 741 Pli-

240 785 322 843 nium
342 786 418 860 apud
435 786 644 863 philosophum
667 787 818 848 invenisse
841 805 960 846 neeesse
982 791 1034 860 eet,
1058 784 1194 866 quamvis
1208 785 1314 844 Strabo

239 886 271 945 in
293 908 323 964 p.
343 893 403 946 248
427 887 576 948 Timaeum
606 892 724 949 secutus
752 908 802 948 eas
825 890 1003 949 memorarit.
1048 889 1124 946 Nam
1146 908 1175 963 p.
1194 886 1230 944 57
1255 887 1313 944 iam

239 995 327 1050 antea
346 1010 395 1050 eas
429 991 528 1065 ttulit,
551 992 736 1068 paragrapho
752 995 788 1050 16
809 991 914 1069 eapitis
933 997 950 1049 3
970 991 1040 1050 libri
1058 991 1076 1048 I
1098 1009 1137 1050 ex
1154 988 1314 1049 Posidonio

239 1092 340 1168 petita.
385 1092 452 1152 Hoc
475 1112 509 1152 eo
540 1095 771 1167 demonstratur,
805 1096 884 1174 quod
912 1095 947 1152 de
976 1098 1071 1153 terrae
1101 1100 1183 1151 motu
1205 1091 1314 1150 Sidone

238 1195 316 1254 iacto
339 1214 405 1252 eum
425 1193 571 1267 laudavit,
593 1215 641 1255 res
664 1201 762 1256 autem
783 1196 896 1254 Therae
917 1201 947 1254 et
962 1194 1120 1254 Therasiae
1141 1195 1250 1266 factae,
1281 1199 1316 1252 ut

239 1315 329 1371 supra
351 1297 475 1370 dietum,
508 1299 586 1373 apud
610 1299 734 1356 eundem
758 1304 893 1358 narratae
916 1302 1015 1370 erant,
1048 1301 1078 1356 et
1100 1298 1135 1356 de
1160 1296 1243 1356 Aeoli
1267 1297 1313 1354 in-

240 1397 312 1456 sulis
334 1400 412 1474 apud
436 1398 609 1458 Strabonem
633 1420 662 1476 p.
679 1400 738 1459 277
761 1401 826 1477 ipse
849 1399 995 1460 disseruit.

325 1499 418 1560 Porro
441 1503 517 1562 ratio
540 1521 650 1561 numen
666 1503 799 1562 divinum
818 1521 973 1578 peremne
989 1502 1127 1561 diffusum
1144 1521 1207 1561 esse
1225 1504 1314 1578 atque

241 1598 411 1683 ‘erumpere’
435 1603 528 1664 stoiea
542 1609 588 1665 est
603 1603 632 1682 (ξ
650 1605 732 1680 203).
777 1606 815 1664 In
838 1603 854 1682 ἓ
873 1609 933 1664 219
958 1605 1074 1664 Plinius
1096 1601 1245 1662 narravit:
1266 1603 1315 1680 ,aa

238 1706 413 1782 quorundum
452 1715 543 1764 tamea
575 1709 694 1783 priuato
731 1718 838 1766 notura
870 1717 931 1776 est,
972 1708 1050 1766 velut
1081 1707 1319 1764 Tauromenitani

210 1829 212 1838 .
238 1809 460 1886 eitripisoepius
482 1819 512 1866 et
531 1813 560 1868 ia
575 1809 692 1867 Euboea
714 1813 839 1886 septiens
862 1812 907 1868 dee
929 1829 964 1868 oc
986 1819 1068 1867 noete
1090 1809 1310 1886 reciprocantis.

240 1911 311 1968 idem
341 1921 438 1968 aestus
462 1912 555 1969 triduo
578 1913 606 1969 in
627 1931 722 1980 ‚mense
745 1915 893 1983 consistit,
920 1922 1047 1989 septumo
1065 1921 1164 1969 octana
1187 1929 1315 1987 nonaque

240 2013 320 2070 itinn.
355 2001 480 2072 Gadibus
503 2016 554 2091 qui
574 2025 617 2072 est
638 2013 755 2072 tetotro
772 2017 907 2074 Herculis
924 2035 1084 2094 proaaaius
1098 2013 1172 2093 sons
1187 2013 1314 2071 inclusas

239 2115 279 2172 ad
295 2119 379 2193 putei
399 2118 509 2174 modum
532 2117 610 2174 alias
633 2117 720 2174 simul
746 2137 808 2175 cuin
832 2137 937 2176 oceano
960 2129 1085 2195 augetur·
1107 2119 1310 2192 ateiicuitaeque,

238 2219 313 2276 elias
329 2228 479 2297 nitrumque
494 2223 654 2278 contrariis
673 2221 855 2297 temporibus.
893 2222 986 2279 eodem
1003 2225 1032 2278 in
1049 2222 1111 2278 loco
1125 2221 1200 2278 ulter
1216 2219 1316 2275 oceani

239 2320 360 2378 motibus
393 2326 544 2381 consentit.
592 2325 624 2380 Ia
656 2326 723 2400 repa
755 2325 854 2381 Baetis
886 2325 1021 2400 oppidum
1052 2332 1096 2381 est
1124 2325 1206 2380 cuias
1232 2321 1316 2396 putei

237 2433 382 2482 crescente
404 2435 484 2482 aesta
507 2428 691 2495 minuentem,
716 2435 878 2502 augescunt
897 2427 1061 2496 decedente,
1087 2427 1184 2484 mediis
1207 2432 1312 2500 tempo-

238 2545 300 2582 rum
319 2527 481 2586 immobiles.
512 2528 604 2586 endem
628 2537 734 2586 stature
757 2529 875 2604 Hispali
894 2529 995 2605 oppido
1019 2531 1184 2606 amputem
1210 2527 1313 2584 ceteris

239 2630 377 2704 volgares.
425 2632 464 2690 ,m
485 2630 591 2688 Pontus
618 2650 730 2708 seiiipet·
757 2641 843 2688 entra
871 2642 947 2688 meat
974 2634 1003 2690 e'n
1026 2632 1236 2707 Propontidem,
1269 2630 1313 2685 ia-

239 2741 351 2789 tcorsus
385 2737 414 2790 in
447 2734 565 2792 Pontum
599 2753 743 2812 nunquam
779 2736 870 2814 refluo
903 2734 1000 2792 neari.'
1044 2735 1089 2794 De
1122 2732 1312 2792 Tauromeni-

238 2835 371 2912 tanolt)
395 2837 498 2912 euripo
521 2841 551 2897 et
573 2836 740 2896 Chalcidico
764 2839 903 2896 Euboeae
925 2839 1025 2896 eadem
1050 2838 1156 2896 Strabo
1188 2837 1251 2896 sive
1273 2853 1312 2892 ex

240 2936 441 3012 Athenodoro,
464 2941 527 3000 sive
548 2960 588 2999 ex
602 2940 763 3000 Posidonio
787 2939 899 3012 retulit,
923 2943 1025 3000 eadem
1048 2959 1167 3020 quoque
1186 2941 1221 2996 de
1240 2939 1312 2996 Pro·

239 3039 422 3118 pontide35)
437 3044 454 3102 Ι
472 3063 500 3119 p.
513 3045 552 3102 55
570 3044 617 3121 (fr.
631 3043 684 3121 93)
711 3041 784 3122 Περὶ
803 3039 856 3120 μὲν
875 3029 929 3102 οὖν
954 3045 1012 3102 τῶν
1028 3040 1243 3128 πλημμυρίᾶων
1262 3034 1311 3098 καὶ

239 3142 299 3200 τῶν
322 3135 489 3219 clausissem
512 3139 664 3223 εἰρήκασιν
681 3143 791 3216 ἱκανῶς
810 3137 1063 3216 Ποσειδώνιός
1085 3165 1115 3204 τε
1137 3139 1187 3204 καὶ
1209 3135 1311 3218 Ἀθη-

240 3237 417 3324 νόδωρος·
441 3246 509 3326 περὶ
531 3244 563 3307 di
585 3251 639 3324 τῆς
655 3249 716 3308 τῶν
735 3251 884 3328 πορθμῶν
906 3249 1089 3327 παλιρροίας,
1112 3241 1238 3324 ἐχόντων
1260 3239 1311 3304 καὶ

239 3339 338 3406 αὐτῶν
367 3346 571 3428 φυσικώτερον
597 3345 699 3430 λόγον,
732 3345 806 3410 κατα
835 3347 889 3429 τήν
917 3353 972 3411 νῦν
999 3344 1148 3411 ὑπόθεσιν
1168 3351 1311 3409 τοσοῦτον

238 3449 331 3510 εἰπεῖν
361 3443 493 3531 ἀπόχρη,
526 3446 573 3513 ὅτι
602 3446 672 3513 οὐδὲ
701 3445 743 3522 εἷς
769 3447 881 3532 τρόπος
909 3455 964 3512 τοῦ
991 3447 1117 3532 duddan
1145 3443 1221 3511 εἶναι
1241 3442 1313 3520 τούς

239 3549 418 3633 πορθμούς,
450 3549 520 3635 ὅγε
543 3549 605 3614 κατ’
627 3547 720 3626 εἶδος·
754 3549 792 3615 οὔ
816 3549 871 3635 γάρ
902 3549 939 3616 do
967 3549 985 3616 d
1007 3552 1060 3630 μὲν
1083 3549 1237 3650 Σικελρκὸς
1265 3549 1312 3623 δὶς

239 3653 365 3734 ἑκάστης
387 3648 500 3738 ἡμέρας
523 3655 711 3736 μετέβαλλεν,
736 3651 777 3728 oie
799 3647 888 3730 οὗτός
910 3676 1011 3736 φησιν,
1035 3650 1053 3719 o‘
1074 3654 1107 3718 δὲ
1131 3651 1312 3728 Χαλκιδικὸς

309 3845 351 3908 34)
369 3849 409 3894 De
437 3849 500 3894 freto
528 3847 609 3895 Siculo
635 3849 667 3896 ei.
692 3849 847 3896 Ps.·Aristot.
873 3849 927 3897 mir.
946 3862 1012 3895 ause.
1031 3851 1071 3897 55.
1096 3849 1137 3910 (ei.
1162 3847 1313 3900 Miillanhoff

238 3933 362 3996 ,dranche
380 3933 598 3982 alteriumsknnde'
616 3950 640 3995 p.
655 3937 715 3996 427)
733 3940 757 3982 et
775 3934 926 3994 Antigonum
944 3934 1040 3995 Caryst.
1059 3935 1113 3981 mir.
1132 3949 1197 3982 ause.
1219 3934 1275 3982 125.

308 4017 350 4086 35)
369 4021 480 4068 Eandem
491 4021 565 4067 Ponti
582 4021 634 4068 vim
652 4021 782 4081 descripsit
799 4021 895 4068 Plinius
913 4021 944 4069 N.
958 4019 991 4067 H.
1004 4021 1048 4082 lv,
1062 4021 1103 4080 93,
1122 4021 1148 4068 in
1165 4020 1234 4067 euius
1253 4019 1311 4066 libri

236 4107 317 4154 indice
336 4111 461 4153 auctorum
478 4107 606 4154 Posidonii
624 4121 713 4154 nomen
731 4107 862 4153 invenimur.
899 4107 992 4154 Eadem
1010 4111 1108 4154 exstent
1124 4107 1149 4154 in
1167 4106 1261 4153 sobolio
1279 4105 1311 4152 ad

237 4193 342 4253 Dionys.
361 4193 453 4254 perieg.
472 4209 498 4242 v.
514 4196 577 4242 teo:
607 4185 665 4256 ἤτοι
683 4186 872 4257 ticiniensi
890 4187 990 4245 Πόντον
1012 4188 1041 4244 τὸ
1059 4185 1130 4256 ὕδωρ
1147 4188 1311 4258 ἐκφέρεσθαι.
